2484 3876
57 185 202 250 486-897.]
338 184 413 234 THE
437 183 555 236 STORY
577 184 622 234 OF
646 184 799 236 TURNUS.

58 348 196 423 Aeneas,
211 353 247 407 ut
261 348 348 407 fama
360 347 455 407 fidem
470 348 621 424 missique
636 353 799 424 reportant

59 445 285 523 exploratores,
301 444 442 521 equitum
456 445 539 503 levia
552 444 712 521 improbus
727 463 814 504 arma

59 541 236 620 praemisit,
251 546 417 618 quaterent
431 559 573 618 campos3
595 540 663 618 ipse
678 541 776 600 ardua
792 540 909 602 montis

59 656 119 716 per
134 638 258 697 deserta
271 637 344 712 iugo
358 649 509 714 superans
524 638 674 696 adventat
688 637 729 696 ad
742 634 859 698 urbem.

59 735 152 794 furta
165 752 241 811 paro
254 733 332 793 belli
346 752 483 794 convexo
497 734 530 792 in
545 734 672 793 tramite
687 734 794 811 silvae,

59 836 98 890 ut
113 830 215 891 bivias
230 836 350 890 armato
364 831 504 890 obsidam
518 831 620 890 milite
635 831 750 892 fauces.

60 933 99 987 tu
113 927 311 1006 Tyrrhenum
326 927 464 1005 equitem
478 927 601 988 collatis
616 928 725 1006 excipe
740 928 855 1005 signis;

60 1030 167 1084 tecum
181 1042 251 1083 acer
265 1025 430 1100 Messapus
446 1025 506 1083 erit
520 1030 702 1101 turmaeque
717 1026 849 1085 Latinae

61 1120 251 1198 Tiburtique
265 1139 391 1197 manus3
415 1121 503 1181 ducis
518 1126 550 1180 et
564 1126 600 1180 tu
615 1121 742 1199 concipe
756 1121 881 1182 curam!

62 1217 110 1278 sic
125 1218 170 1276 ait
184 1223 216 1276 et
229 1217 357 1294 paribus
372 1219 553 1294 Messapum
568 1218 602 1276 in
616 1219 734 1295 proelia
749 1210 843 1279 dictis
1042 1230 1071 1278 ιο

61 1314 210 1374 hortatur
224 1314 384 1391 sociosque
400 1315 493 1374 duces
508 1319 540 1373 et
554 1315 657 1391 pergit
671 1315 704 1372 in
719 1314 850 1375 hostem.

62 1418 114 1470 est
128 1429 222 1470 curvo
237 1410 382 1469 anfractu
396 1411 504 1485 valles,
521 1412 718 1471 accommoda
731 1411 837 1471 fraudi

62 1525 284 1584 armorumque
299 1507 389 1582 dolis,
405 1526 498 1584 quam
513 1508 618 1568 densis
633 1507 799 1569 frondibus
813 1514 917 1568 atrum

62 1609 157 1679 urget
170 1603 328 1681 utrimque
344 1604 436 1678 latus,
452 1604 555 1664 tenuis
571 1623 632 1682 quo
647 1605 760 1665 semita
774 1605 861 1665 ducit

63 1707 279 1778 angustaeque
293 1701 402 1759 ferunt
416 1701 523 1760 fauces
539 1701 705 1779 aditusque
720 1702 859 1777 maligni.
1043 1715 1071 1761 15

62 1795 146 1857 hanc
161 1816 254 1873 super
268 1797 302 1856 in
316 1797 452 1874 speculis
467 1816 649 1874 summoque
663 1798 696 1856 in
710 1798 828 1857 vertice
842 1799 957 1859 montis

64 1893 215 1972 planities
229 1893 337 1969 ignota
350 1895 432 1953 iacet
446 1895 569 1971 tutique
584 1900 736 1972 receptus,

64 2008 121 2052 seu
137 1977 248 2050 derina
262 1991 414 2067 laevaque
429 1990 509 2049 velis
524 2009 684 2050 occurrere
699 2008 830 2068 pugnae,

65 2088 133 2148 sive
148 2087 265 2146 instare
279 2087 360 2162 iugis
376 2091 408 2145 et
423 2086 553 2161 grandia
566 2086 692 2146 volvere
706 2105 789 2146 saxa

63 2185 127 2243 huc
142 2183 264 2243 iuvenis
279 2188 354 2242 nota
367 2183 468 2242 fertur
483 2183 608 2259 regione
622 2183 744 2243 viarum

65 2279 261 2357 arripuitque
276 2279 378 2339 locum
393 2285 425 2339 et
439 2279 529 2340 silvis
544 2279 661 2341 insedit
674 2279 802 2358 iniquis.

65 2473 181 2525 Camilla
197 2473 268 2536 J’oins
285 2473 371 2524 battle
388 2474 454 2524 with
471 2474 518 2523 the
535 2473 650 2536 Trojans
666 2474 721 2524 and
738 2473 979 2542 istreacherously
991 2473 1069 2524 slain.

64 2556 124 2607 The
135 2557 231 2606 Latius
242 2556 291 2606 fiee
304 2557 332 2605 in
344 2555 466 2606 disorder
477 2562 505 2606 tc
517 2557 563 2606 the
574 2556 639 2619 city,
653 2572 690 2605 x1.
703 2557 826 2607 saa-895.

71 2673 254 2736 Thammes
270 2672 414 2724 Camilla’s
425 2674 504 2724 death
516 2675 541 2722 is
552 2674 656 2724 carried
671 2680 697 2724 to
718 2671 830 2725 Turnus
846 2676 875 2724 io
893 2674 936 2724 lu‘s
948 2675 1026 2738 place
1044 2669 1073 2737 ο]

65 2757 189 2814 ambusb,
201 2770 241 2804 x1.
255 2755 377 2805 eae-915.
756 2766 764 2781 ·

107 2872 235 2931 Interea
249 2873 389 2930 Turnum
403 2870 437 2928 in
452 2870 541 2931 silvis
557 2871 758 2932 saevissimus
773 2871 885 2949 implet

66 2969 197 3027 nuntius
211 2974 244 3028 et
258 2968 364 3027 iuveni
379 2967 538 3042 ingentem
553 2968 617 3027 fert
631 2967 717 3027 Acca
730 2968 919 3028 tumultum:

105 3117 128 3162 2.
149 3112 298 3173 improbus,
317 3114 461 3162 chamelaea.
492 3116 514 3161 3.
536 3117 690 3174 quaterent,
710 3120 734 3160 to
753 3115 795 3172 lay
813 3120 899 3161 waste.
931 3116 952 3160 3.
972 3113 1072 3161 montis

68 3218 73 3230 .
88 3217 93 3230 .
108 3181 198 3242 dego,
219 3184 447 3240 mountain-rideo.
478 3185 499 3229 5.
520 3182 597 3229 furta
610 3217 615 3227 .
630 3217 634 3227 .
648 3217 653 3227 .
665 3181 739 3237 belli,
762 3183 878 3228 ambush.
907 3185 929 3228 5.
951 3181 1071 3238 tramite,

63 3252 138 3310 poth.
176 3254 199 3296 6.
219 3249 316 3306 bivias,
344 3256 400 3297 two.
436 3253 457 3297 7.
477 3249 579 3309 excipe.
606 3253 692 3297 aweit.
727 3253 762 3296 12.
784 3249 920 3304 antractu,
946 3252 1071 3307 windinp.

66 3321 104 3366 13.
121 3321 222 3373 atrum,
234 3319 314 3365 blaok.
345 3321 381 3364 15.
396 3316 519 3378 maligni,
531 3321 683 3377 dangerous.
715 3319 750 3365 n.
764 3317 903 3376 planities,
916 3318 978 3365 level
988 3318 1069 3375 place.

65 3388 103 3432 23.
123 3384 202 3440 Acca,
213 3387 276 3454 ¹with
287 3387 406 3433 nuntiae.
