2484 3876
119 189 265 256 erasm]
400 188 474 238 THE
498 187 616 238 STORY
638 188 684 239 01⁴*
706 189 859 279 TURNTS.

120 350 260 430 concipis
275 357 308 412 et
322 350 349 412 si
364 351 442 411 adeo
456 350 570 411 dotalis
585 351 672 427 regia
685 351 772 411 cordi
786 358 843 428 est,

119 449 203 510 aude
218 454 312 527 atque
327 448 492 508 adversum
506 447 607 507 fidens
622 448 672 507 fer
686 454 794 525 pectus
809 449 843 506 in
857 448 989 511 hostem.

119 545 244 607 scilieet
257 550 294 605 ut
308 547 413 604 Turno
427 544 590 621 contingat
604 545 691 620 regia
704 546 849 620 coniunx,

118 651 188 718 nos,
204 641 327 702 animae
340 641 430 716 viles,
445 640 611 700 inhumata
623 640 794 718 infletaque
807 643 909 717 turba,

119 745 299 800 sternamur
313 737 439 815 campis.
483 736 579 796 etiam
593 743 638 811 tu,
654 737 682 797 si
697 756 760 814 qua
773 738 833 797 tibi
847 738 905 814 vis,
1112 754 1128 801 5

119 835 148 896 si
163 835 262 913 patrii
275 834 353 912 quid
367 833 481 894 Martis
495 833 601 909 habes,
616 834 708 893 ilium
722 833 828 912 aspice
841 841 959 914 contra,

118 932 176 1010 qui
190 932 300 991 vocat'

332 1078 441 1129 Taraas
452 1079 549 1140 replica
561 1084 587 1128 to
600 1079 729 1137 Drances,
741 1093 782 1128 11.
796 1078 919 1131 376-409.

160 1211 289 1272 Talibus
304 1209 423 1270 exarsit
437 1208 530 1270 dictis
545 1208 698 1270 violentia
711 1211 824 1286 Turni;

117 1309 174 1369 dat
189 1307 340 1384 gemitum
354 1306 535 1384 rumpitque
549 1306 606 1367 has
621 1306 684 1366 imo
698 1313 823 1383 pectore
838 1327 947 1369 voces:

117 1407 241 1481 ‘Larga
255 1404 389 1481 quidem,
405 1405 537 1479 Drance,
553 1421 676 1481 semper
689 1403 749 1463 tibi
763 1406 854 1482 copia
867 1405 957 1465 fandi
1097 1419 1126 1465 ro

116 1509 196 1576 tum,
212 1520 283 1560 cum
297 1493 382 1560 belia
394 1519 504 1561 manus
519 1506 661 1578 poscunt,
677 1501 882 1579 patribusque
897 1502 1017 1564 vocatis

116 1598 239 1676 primus
254 1597 338 1658 ades.
381 1597 436 1657 sed
450 1616 513 1656 non
527 1597 678 1675 replenda
692 1603 741 1657 est
755 1597 842 1657 ouria
855 1599 967 1675 verbis,

116 1713 198 1772 quae
212 1699 282 1754 tuto
296 1693 356 1753 tibi
370 1712 484 1769 magna
497 1694 614 1767 volant,
630 1693 705 1752 dum
720 1693 853 1754 distinet
866 1694 989 1755 hostem

116 1808 212 1866 agger
226 1809 401 1850 moerorum
416 1808 473 1848 nec
487 1789 644 1848 inundant
659 1790 810 1866 sanguine
824 1791 936 1852 fossae.

115 1887 249 1965 proinde
263 1892 339 1946 tona
353 1885 477 1963 eloquio
493 1884 635 1963 (solitum
649 1886 721 1966 tibi)
738 1905 848 1964 meque
863 1888 986 1950 timoris
1095 1904 1122 1950 15

115 2003 212 2062 argue
226 1989 270 2057 tu,
286 1985 418 2056 Drance,
434 1982 559 2059 quando
573 1987 621 2041 tot
635 1983 750 2058 stragis
765 2002 890 2045 acervos

116 2083 309 2140 Teucrorum
322 2084 379 2138 tua
392 2079 503 2137 dextra
518 2077 606 2137 dedit
619 2079 801 2156 passimque
816 2082 953 2158 tropaeis

116 2177 251 2251 insignis
266 2195 365 2252 agros.
408 2174 507 2252 possit
522 2174 599 2251 quid
613 2174 721 2234 vivida
735 2175 845 2252 virtus,

116 2273 278 2350 experiare
291 2272 382 2331 iicet:
404 2289 461 2330 nec
474 2270 567 2346 longe
582 2270 703 2331 scilicet
716 2272 823 2334 hostes

72 2390 75 2397 ·
115 2368 287 2447 quaerendi
301 2368 407 2443 nobis3
429 2368 634 2427 circumstant
651 2369 790 2446 undique
804 2389 918 2432 muros.
1091 2388 1121 2436 ao

114 2466 197 2525 imus
212 2465 246 2523 in
260 2466 431 2525 adversos?
455 2463 531 2541 quid
545 2467 672 2524 cessas?
694 2483 734 2524 an
748 2465 808 2526 tibi
819 2468 946 2530 Mavors

114 2568 246 2623 ventosa
260 2561 293 2620 in
307 2560 416 2636 lingua
429 2561 625 2639 pedibusque
640 2560 805 2638 fugacibus
820 2562 892 2625 istis

115 2677 238 2736 semper
253 2659 336 2718 erit?

114 2755 225 2834 pulsus
240 2758 320 2831 ego?
342 2760 396 2814 aut
411 2754 576 2833 quisquam
591 2754 712 2829 merito,
728 2755 920 2833 foedissime,
935 2759 1061 2837 pulsum

115 2858 233 2928 arguet,
249 2852 347 2911 iliaco
362 2852 518 2911 tumidum
533 2851 586 2929 qui
601 2870 738 2912 crescere
754 2853 909 2931 Thybrim
1088 2873 1117 2919 25

115 2949 267 3024 sanguine
281 2954 313 3008 et
326 2948 468 3008 Euandri
482 2953 582 3008 totam
596 2967 667 3007 oum
682 2949 780 3026 stirpe
794 2949 915 3011 videbit

144 3161 165 3207 1.
187 3157 269 3214 cordi,
289 3163 313 3204 to
332 3159 376 3215 thu
398 3158 491 3215 liking.
520 3159 542 3203 3.
563 3156 712 3218 contingat.
734 3158 831 3218 belong.
861 3163 897 3208 12.
919 3163 1003 3222 curia,
1019 3173 1117 3214 serrare.

114 3228 200 3274 boaae.
230 3228 265 3272 13.
282 3224 403 3283 distinet,
416 3226 489 3283 keeps
499 3228 540 3285 off.
572 3229 607 3272 14.
623 3236 959 3278 moerorum=marorana
991 3235 1026 3281 15.
1040 3238 1114 3293 tona,

114 3295 313 3351 thanderfortt.
343 3297 378 3340 16.
395 3304 595 3352 arguaoccuse.
624 3297 659 3340 16.
676 3293 779 3354 stragis
787 3307 906 3352 acervos,
915 3300 1113 3358 beopsosaloia.

114 3365 150 3408 19.
167 3372 215 3408 nec
225 3360 305 3421 longe
318 3396 323 3406 .
337 3395 342 3406 .
357 3396 362 3406 .
373 3359 530 3420 quaerendi,
542 3363 640 3417 aotsor
651 3367 675 3408 to
685 3363 751 3409 sack.
782 3365 818 3410 26.
836 3364 931 3423 stirps,
942 3369 980 3414 ie.
992 3369 1084 3418 Pallas.
