2484 3876
74 185 216 250 744-802.]
351 184 425 232 THE
448 183 565 233 STORY
588 183 633 233 OF
656 183 811 233 TURNUS.
1041 181 1080 241 25

73 353 105 407 et
119 346 228 424 magni
241 346 376 420 Aeneae,
392 364 512 422 segnes,
527 345 716 423 miseretque
731 346 891 423 pudetque
902 345 935 404 ?’

72 444 192 505 talibus
207 443 330 504 accensi
343 443 508 503 firmantur
522 448 554 502 et
569 443 693 518 agmine
707 443 805 504 denso

71 541 259 602 consistunt.
302 542 427 601 Turnus
442 539 596 618 paulatim
611 540 758 599 excedere
774 559 880 617 pugna

70 645 104 698 et
118 638 252 698 fluvium
266 643 373 715 petere
388 656 423 697 ac
437 643 569 715 partem,
585 656 665 714 quae
679 637 816 713 cingitur
829 637 921 696 unda.
948 669 957 685 ·

71 736 176 796 acrius
190 735 250 795 hoc
264 734 377 794 Teucri
390 734 524 794 clamore
539 735 718 819 incumbere
733 753 846 809 magno
1064 744 1080 790 s

70 839 105 892 et
119 832 292 908 glomerare
306 849 442 905 manum,
457 849 513 890 ceu
528 849 655 891 saevum
670 830 763 890 turba
776 829 898 891 leonem

70 949 144 989 oum
158 928 232 989 telis
246 927 362 1005 premit
375 927 519 1001 infensis,
535 928 710 987 atterritus
725 927 789 1002 ille,

70 1043 173 1103 asper,
189 1024 300 1084 acerba
313 1029 416 1099 tuens,
431 1029 516 1084 retro
531 1023 613 1083 redit
626 1029 659 1082 et
672 1042 774 1101 neque
789 1029 878 1100 terga

69 1122 120 1181 ira
135 1121 209 1181 dare
223 1126 279 1180 aut
292 1120 393 1181 virtus
408 1120 528 1198 patitur
542 1139 600 1180 neo
613 1121 742 1180 tendere
757 1125 866 1180 contra

69 1217 128 1277 ille
143 1217 270 1296 quidem
284 1217 343 1277 hoc
358 1218 487 1295 cupiens
501 1217 584 1294 potis
600 1222 648 1277 est
662 1236 718 1295 per
732 1218 798 1277 tela
810 1217 974 1295 virosque:

69 1314 159 1374 haud
172 1314 264 1374 aliter
278 1320 362 1374 retro
376 1314 489 1373 dubius
505 1314 640 1389 vestigia
653 1315 777 1374 Turnus

69 1412 285 1489 improperata
298 1411 398 1470 refert
412 1416 444 1470 et
457 1429 545 1471 mens
559 1415 724 1484 exaestuat
737 1411 792 1471 ira.

70 1507 152 1585 quin
166 1507 261 1566 etiam
275 1507 325 1567 bis
339 1513 407 1567 turn
421 1507 540 1567 medios
554 1507 713 1567 invaserat
727 1507 836 1583 hostis,

70 1604 122 1664 bis
137 1604 269 1664 confusa
282 1605 360 1680 fuga
372 1622 429 1682 per
442 1623 547 1663 muros
562 1605 688 1679 agmina
702 1604 814 1664 vertit:

72 1699 255 1761 sedmanus
270 1719 287 1760 e
301 1700 412 1760 castris
428 1719 559 1778 propere
573 1701 636 1760 coit
650 1700 751 1761 omnis
766 1700 799 1759 in
814 1720 920 1776 unum,

70 1815 132 1856 nec
145 1802 254 1857 contra
267 1797 350 1857 vires
365 1797 461 1857 audet
476 1797 623 1856 Saturnia
636 1798 717 1856 Iuno
778 1818 780 1823 ·

71 1891 231 1954 sufficere:
253 1893 369 1953 aeriam
383 1894 469 1953 oaelo
483 1912 556 1953 nam
571 1893 716 1970 luppiter
730 1893 808 1952 Irim

71 1989 210 2065 demisit,
225 2007 389 2065 germanae
403 1990 488 2049 haud
503 1990 612 2049 mollia
626 1990 712 2049 iussa
725 1990 889 2064 ferentem,

71 2085 107 2145 ni
122 2087 246 2146 Turnus
261 2087 352 2145 cedat
364 2088 555 2145 Teucrorum
569 2086 731 2146 moenibus
746 2086 828 2147 altis.

71 2201 147 2258 ergo
162 2201 218 2242 nec
232 2181 334 2259 clipeo
347 2182 470 2243 iuvenis
485 2183 657 2242 subsistere
671 2187 796 2242 tantum

71 2297 130 2339 nec
145 2280 256 2339 dextra
269 2279 371 2338 valet:
394 2279 519 2340 iniectis
535 2280 580 2340 sic
594 2279 734 2357 undique
747 2279 821 2339 telis

72 2375 224 2436 obruitur.
268 2375 382 2452 strepit
396 2376 527 2436 adsiduo
541 2395 618 2436 cava
632 2382 774 2454 tempora
787 2376 905 2435 circum

71 2471 193 2532 tinnitu
207 2470 297 2546 galea
310 2477 342 2531 et
357 2472 440 2532 saxis
456 2472 558 2533 solida
572 2491 646 2533 aera
658 2473 821 2547 fatiscunt,

73 2567 294 2644 discussaeque
308 2567 400 2627 iubae
415 2568 521 2645 capiti,
537 2586 594 2628 neo
609 2567 724 2630 sufficit
736 2568 831 2628 umbo

73 2663 198 2738 ictibus,
213 2663 409 2738 ingeminant
422 2665 523 2725 hastis
538 2670 570 2724 et
584 2666 680 2725 Troes
694 2671 727 2724 et
740 2665 808 2742 ipse

72 2760 246 2820 fulmineus
261 2761 455 2822 Mnestheus.
498 2769 566 2821 turn
580 2766 648 2821 toto
661 2780 789 2838 corpore
804 2760 898 2821 sudor

73 2857 208 2935 liquitur
222 2861 255 2916 et
268 2856 390 2934 piceum
408 2857 478 2935 (nec
492 2857 646 2934 respirare
660 2860 813 2939 potestas)

73 2953 191 3013 flumen
206 2953 280 3029 agit,
296 2954 397 3013 fessos
412 2953 515 3031 quatit
529 2973 621 3031 aeger
635 2954 794 3015 anhelitus
809 2960 904 3016 artus.

113 3160 133 3204 1.
154 3168 260 3217 senes,
272 3159 394 3205 cowords.
424 3159 447 3204 8.
469 3157 568 3205 acerbe
577 3161 666 3214 tuens,
677 3159 784 3216 tarsum
795 3159 943 3218 plowmnp.
975 3160 1011 3205 12.
1032 3157 1079 3206 lm-

72 3228 231 3284 properata,
257 3226 368 3283 bulting,
390 3226 528 3283 lingering.
560 3229 596 3272 12.
618 3228 772 3283 exaestuat,
792 3227 878 3284 ylowe.
909 3228 945 3272 23.
966 3225 1077 3284 tinnitu,

72 3294 192 3350 rotelinq.
230 3295 267 3339 23.
289 3292 433 3348 lausonna,
453 3294 520 3349 ‚ralla
546 3299 630 3351 aparr.
668 3296 704 3340 24.
724 3292 871 3349 ᾱὶεοιιιιαο,
897 3293 1012 3342 stracten
1036 3296 1077 3355 off.

71 3363 111 3408 24.
131 3358 323 3418 umbo,rhiel‹l.
354 3364 390 3407 23.
412 3359 559 3417 anhelitus,
567 3362 688 3419 pontino.
