<?xml version="1.0" encoding="UTF-8"?>
<!DOCTYPE html PUBLIC "-//W3C//DTD XHTML 1.0 Transitional//EN"
    "http://www.w3.org/TR/xhtml1/DTD/xhtml1-transitional.dtd">
<html xmlns="http://www.w3.org/1999/xhtml" xml:lang="en" lang="en">
 <head>
  <title>
</title>
<meta http-equiv="Content-Type" content="text/html;charset=utf-8" />
  <meta name='ocr-system' content='tesseract 3.04.00' />
  <meta name='ocr-capabilities' content='ocr_page ocr_carea ocr_par ocr_line ocrx_word'/>
</head>
<body>
  <div class='ocr_page' id='page_1' title='image "./storyturnusfrom00virggoog_0054.png"; bbox 0 0 2484 3876; ppageno 0'>
   <div class='ocr_carea' id='block_1_1' title="bbox 120 165 1121 234">
    <p class='ocr_par' dir='ltr' id='par_1_1' title="bbox 120 165 1121 234">
     <span class='ocr_line' id='line_1_1' title="bbox 120 165 1121 234; baseline 0.008 -22"><span class='ocrx_word' id='word_1_1' title='bbox 120 169 159 226; x_wconf 79' lang='lat'>40</span> <span class='ocrx_word' id='word_1_2' title='bbox 459 166 614 216; x_wconf 83' lang='lat' dir='ltr'>VERGILI</span> <span class='ocrx_word' id='word_1_3' title='bbox 636 165 777 217; x_wconf 74' lang='lat' dir='ltr'>Arnnls.</span> <span class='ocrx_word' id='word_1_4' title='bbox 969 168 1067 234; x_wconf 75' lang='lat' dir='ltr'>[Boon</span> <span class='ocrx_word' id='word_1_5' title='bbox 1079 171 1121 220; x_wconf 88' lang='lat' dir='ltr'>XI.</span> 
     </span>
    </p>
   </div>
   <div class='ocr_carea' id='block_1_2' title="bbox 89 328 1163 1761">
    <p class='ocr_par' dir='ltr' id='par_1_2' title="bbox 120 328 994 406">
     <span class='ocr_line' id='line_1_2' title="bbox 120 328 994 406; baseline 0.002 -18"><span class='ocrx_word' id='word_1_6' title='bbox 120 328 321 406; x_wconf 79' lang='lat' dir='ltr'><strong>procubuisse</strong></span> <span class='ocrx_word' id='word_1_7' title='bbox 336 329 463 388; x_wconf 92' lang='lat' dir='ltr'>domum</span> <span class='ocrx_word' id='word_1_8' title='bbox 478 335 573 405; x_wconf 86' lang='lat' dir='ltr'>atque</span> <span class='ocrx_word' id='word_1_9' title='bbox 588 334 697 389; x_wconf 84' lang='lat' dir='ltr'>exutos</span> <span class='ocrx_word' id='word_1_10' title='bbox 713 329 853 389; x_wconf 87' lang='lat' dir='ltr'>Arcadas</span> <span class='ocrx_word' id='word_1_11' title='bbox 868 330 994 391; x_wconf 84' lang='lat' dir='ltr'>armis?</span> 
     </span>
    </p>

    <p class='ocr_par' dir='ltr' id='par_1_3' title="bbox 119 426 932 504">
     <span class='ocr_line' id='line_1_3' title="bbox 119 426 932 504; baseline 0.004 -20"><span class='ocrx_word' id='word_1_12' title='bbox 119 426 205 485; x_wconf 90' lang='lat' dir='ltr'>haud</span> <span class='ocrx_word' id='word_1_13' title='bbox 217 426 265 485; x_wconf 88' lang='lat' dir='ltr'>ita</span> <span class='ocrx_word' id='word_1_14' title='bbox 278 445 328 485; x_wconf 91' lang='lat' dir='ltr'>me</span> <span class='ocrx_word' id='word_1_15' title='bbox 343 426 466 504; x_wconf 84' lang='lat' dir='ltr'>experti</span> <span class='ocrx_word' id='word_1_16' title='bbox 480 426 581 485; x_wconf 83' lang='lat' dir='ltr'>Bitias</span> <span class='ocrx_word' id='word_1_17' title='bbox 596 432 628 485; x_wconf 92' lang='lat' dir='ltr'>et</span> <span class='ocrx_word' id='word_1_18' title='bbox 641 427 805 486; x_wconf 81' lang='lat' dir='ltr'>Pandarus</span> <span class='ocrx_word' id='word_1_19' title='bbox 819 426 932 501; x_wconf 84' lang='lat' dir='ltr'>ingens</span> 
     </span>
    </p>

    <p class='ocr_par' dir='ltr' id='par_1_4' title="bbox 89 522 841 600">
     <span class='ocr_line' id='line_1_4' title="bbox 89 522 841 600; baseline -0.003 -18"><span class='ocrx_word' id='word_1_20' title='bbox 89 590 91 595; x_wconf 25' lang='lat'><strong>⁴</strong></span> <span class='ocrx_word' id='word_1_21' title='bbox 119 529 152 582; x_wconf 89' lang='lat' dir='ltr'>et</span> <span class='ocrx_word' id='word_1_22' title='bbox 166 541 244 600; x_wconf 89' lang='lat' dir='ltr'>quos</span> <span class='ocrx_word' id='word_1_23' title='bbox 258 522 345 581; x_wconf 86' lang='lat' dir='ltr'>mille</span> <span class='ocrx_word' id='word_1_24' title='bbox 360 522 411 582; x_wconf 85' lang='lat' dir='ltr'>die</span> <span class='ocrx_word' id='word_1_25' title='bbox 426 523 527 582; x_wconf 85' lang='lat' dir='ltr'>victor</span> <span class='ocrx_word' id='word_1_26' title='bbox 542 523 599 582; x_wconf 91' lang='lat' dir='ltr'>sub</span> <span class='ocrx_word' id='word_1_27' title='bbox 613 524 747 582; x_wconf 85' lang='lat' dir='ltr'>Tartara</span> <span class='ocrx_word' id='word_1_28' title='bbox 759 523 841 597; x_wconf 91' lang='lat' dir='ltr'>misi,</span> 
     </span>
    </p>

    <p class='ocr_par' dir='ltr' id='par_1_5' title="bbox 119 619 835 697">
     <span class='ocr_line' id='line_1_5' title="bbox 119 619 835 697; baseline 0 -19"><span class='ocrx_word' id='word_1_29' title='bbox 119 619 260 679; x_wconf 89' lang='lat' dir='ltr'>inclusus</span> <span class='ocrx_word' id='word_1_30' title='bbox 274 620 372 679; x_wconf 89' lang='lat' dir='ltr'>muris</span> <span class='ocrx_word' id='word_1_31' title='bbox 386 620 558 696; x_wconf 84' lang='lat' dir='ltr'>hostilique</span> <span class='ocrx_word' id='word_1_32' title='bbox 573 638 685 695; x_wconf 87' lang='lat' dir='ltr'>aggere</span> <span class='ocrx_word' id='word_1_33' title='bbox 700 626 835 697; x_wconf 89' lang='lat' dir='ltr'>saeptus.</span> 
     </span>
    </p>

    <p class='ocr_par' dir='ltr' id='par_1_6' title="bbox 120 716 1126 891">
     <span class='ocr_line' id='line_1_6' title="bbox 120 716 1126 794; baseline 0.003 -19"><span class='ocrx_word' id='word_1_34' title='bbox 120 716 247 776; x_wconf 82' lang='lat' dir='ltr'>“Nulla</span> <span class='ocrx_word' id='word_1_35' title='bbox 261 717 346 776; x_wconf 92' lang='lat' dir='ltr'>salus</span> <span class='ocrx_word' id='word_1_36' title='bbox 360 716 472 776; x_wconf 86' lang='lat' dir='ltr'>be110.’&#39;</span> <span class='ocrx_word' id='word_1_37' title='bbox 514 716 612 794; x_wconf 88' lang='lat' dir='ltr'>capiti</span> <span class='ocrx_word' id='word_1_38' title='bbox 627 734 702 776; x_wconf 90' lang='lat' dir='ltr'>cane</span> <span class='ocrx_word' id='word_1_39' title='bbox 717 716 803 790; x_wconf 87' lang='lat' dir='ltr'>talia,</span> <span class='ocrx_word' id='word_1_40' title='bbox 820 716 959 793; x_wconf 86' lang='lat' dir='ltr'>demens,</span> <span class='ocrx_word' id='word_1_41' title='bbox 1113 732 1126 778; x_wconf 80' lang='lat' dir='ltr'>t</span> 
     </span>
     <span class='ocr_line' id='line_1_7' title="bbox 120 812 960 891; baseline 0.002 -20"><span class='ocrx_word' id='word_1_42' title='bbox 120 813 280 872; x_wconf 89' lang='lat' dir='ltr'>Dardanio</span> <span class='ocrx_word' id='word_1_43' title='bbox 295 814 450 891; x_wconf 83' lang='lat' dir='ltr'>rebusque</span> <span class='ocrx_word' id='word_1_44' title='bbox 464 813 537 873; x_wconf 90' lang='lat' dir='ltr'>tuis.</span> <span class='ocrx_word' id='word_1_45' title='bbox 580 812 712 890; x_wconf 84' lang='lat' dir='ltr'><strong>proinde</strong></span> <span class='ocrx_word' id='word_1_46' title='bbox 726 813 831 872; x_wconf 89' lang='lat' dir='ltr'>omnia</span> <span class='ocrx_word' id='word_1_47' title='bbox 845 832 960 888; x_wconf 86' lang='lat' dir='ltr'>magno</span> 
     </span>
    </p>

    <p class='ocr_par' dir='ltr' id='par_1_7' title="bbox 120 910 873 987">
     <span class='ocr_line' id='line_1_8' title="bbox 120 910 873 987; baseline 0.003 -19"><span class='ocrx_word' id='word_1_48' title='bbox 120 929 159 969; x_wconf 93' lang='lat' dir='ltr'>ne</span> <span class='ocrx_word' id='word_1_49' title='bbox 174 929 261 970; x_wconf 90' lang='lat' dir='ltr'>cessa</span> <span class='ocrx_word' id='word_1_50' title='bbox 274 910 401 969; x_wconf 91' lang='lat' dir='ltr'>turbare</span> <span class='ocrx_word' id='word_1_51' title='bbox 416 916 501 970; x_wconf 88' lang='lat' dir='ltr'>metu</span> <span class='ocrx_word' id='word_1_52' title='bbox 516 915 611 987; x_wconf 90' lang='lat' dir='ltr'>atque</span> <span class='ocrx_word' id='word_1_53' title='bbox 626 910 775 969; x_wconf 78' lang='lat' dir='ltr'>extollere</span> <span class='ocrx_word' id='word_1_54' title='bbox 790 911 873 970; x_wconf 88' lang='lat' dir='ltr'>vires</span> 
     </span>
    </p>

    <p class='ocr_par' dir='ltr' id='par_1_8' title="bbox 120 1006 1163 1372">
     <span class='ocr_line' id='line_1_9' title="bbox 120 1006 1163 1083; baseline 0 -18"><span class='ocrx_word' id='word_1_55' title='bbox 120 1007 222 1082; x_wconf 84' lang='lat' dir='ltr'>gentis</span> <span class='ocrx_word' id='word_1_56' title='bbox 236 1007 284 1068; x_wconf 89' lang='lat' dir='ltr'>bis</span> <span class='ocrx_word' id='word_1_57' title='bbox 300 1008 411 1081; x_wconf 85' lang='lat' dir='ltr'>victae,</span> <span class='ocrx_word' id='word_1_58' title='bbox 426 1013 535 1066; x_wconf 88' lang='lat' dir='ltr'>contra</span> <span class='ocrx_word' id='word_1_59' title='bbox 548 1025 689 1083; x_wconf 87' lang='lat' dir='ltr'>premere</span> <span class='ocrx_word' id='word_1_60' title='bbox 704 1026 791 1066; x_wconf 89' lang='lat' dir='ltr'>arma</span> <span class='ocrx_word' id='word_1_61' title='bbox 804 1006 922 1066; x_wconf 87' lang='lat' dir='ltr'>Latini.</span> <span class='ocrx_word' id='word_1_62' title='bbox 1159 1076 1163 1083; x_wconf 24' lang='grc' dir='ltr'>ι</span> 
     </span>
     <span class='ocr_line' id='line_1_10' title="bbox 120 1103 1124 1181; baseline 0.004 -19"><span class='ocrx_word' id='word_1_63' title='bbox 120 1109 245 1163; x_wconf 90' lang='lat' dir='ltr'>nuncet</span> <span class='ocrx_word' id='word_1_64' title='bbox 259 1104 495 1181; x_wconf 82' lang='lat' dir='ltr'>Myrmidonum</span> <span class='ocrx_word' id='word_1_65' title='bbox 509 1122 652 1181; x_wconf 80' lang='lat' dir='ltr'>proceres</span> <span class='ocrx_word' id='word_1_66' title='bbox 667 1103 809 1181; x_wconf 83' lang='lat' dir='ltr'>Phrygia</span> <span class='ocrx_word' id='word_1_67' title='bbox 823 1122 909 1162; x_wconf 87' lang='lat' dir='ltr'>arma</span> <span class='ocrx_word' id='word_1_68' title='bbox 923 1110 1124 1180; x_wconf 74' lang='lat' dir='ltr'>tremescunt,</span> 
     </span>
     <span class='ocr_line' id='line_1_11' title="bbox 122 1200 1126 1281; baseline 0.003 -23"><span class='ocrx_word' id='word_1_69' title='bbox 122 1200 217 1281; x_wconf 91' lang='lat' dir='ltr'>[nunc</span> <span class='ocrx_word' id='word_1_70' title='bbox 232 1206 264 1260; x_wconf 91' lang='lat' dir='ltr'>et</span> <span class='ocrx_word' id='word_1_71' title='bbox 278 1201 417 1278; x_wconf 84' lang='lat' dir='ltr'>Tydides</span> <span class='ocrx_word' id='word_1_72' title='bbox 433 1206 464 1260; x_wconf 93' lang='lat' dir='ltr'>et</span> <span class='ocrx_word' id='word_1_73' title='bbox 478 1201 645 1260; x_wconf 81' lang='lat' dir='ltr'>Larisaeus</span> <span class='ocrx_word' id='word_1_74' title='bbox 660 1200 829 1281; x_wconf 69' lang='lat' dir='ltr'>Achilles]</span> <span class='ocrx_word' id='word_1_75' title='bbox 1100 1215 1126 1261; x_wconf 87' lang='lat'>10</span> 
     </span>
     <span class='ocr_line' id='line_1_12' title="bbox 120 1296 924 1372; baseline 0.001 -16"><span class='ocrx_word' id='word_1_76' title='bbox 120 1297 220 1357; x_wconf 83' lang='lat' dir='ltr'>amnis</span> <span class='ocrx_word' id='word_1_77' title='bbox 235 1303 267 1357; x_wconf 93' lang='lat' dir='ltr'>et</span> <span class='ocrx_word' id='word_1_78' title='bbox 280 1298 455 1357; x_wconf 87' lang='lat' dir='ltr'>Hadriacas</span> <span class='ocrx_word' id='word_1_79' title='bbox 470 1303 552 1356; x_wconf 88' lang='lat' dir='ltr'>retro</span> <span class='ocrx_word' id='word_1_80' title='bbox 567 1297 651 1372; x_wconf 85' lang='lat' dir='ltr'>fugit</span> <span class='ocrx_word' id='word_1_81' title='bbox 665 1296 800 1357; x_wconf 86' lang='lat' dir='ltr'>Aufidus</span> <span class='ocrx_word' id='word_1_82' title='bbox 814 1297 924 1357; x_wconf 91' lang='lat' dir='ltr'>undas.</span> 
     </span>
    </p>

    <p class='ocr_par' dir='ltr' id='par_1_9' title="bbox 119 1393 895 1474">
     <span class='ocr_line' id='line_1_13' title="bbox 119 1393 895 1474; baseline 0.003 -24"><span class='ocrx_word' id='word_1_83' title='bbox 119 1393 170 1451; x_wconf 83' lang='lat' dir='ltr'>vel</span> <span class='ocrx_word' id='word_1_84' title='bbox 184 1412 255 1452; x_wconf 92' lang='lat' dir='ltr'>cum</span> <span class='ocrx_word' id='word_1_85' title='bbox 269 1412 302 1454; x_wconf 92' lang='lat' dir='ltr'>se</span> <span class='ocrx_word' id='word_1_86' title='bbox 316 1394 466 1474; x_wconf 84' lang='lat' dir='ltr'>pavidum</span> <span class='ocrx_word' id='word_1_87' title='bbox 481 1399 590 1464; x_wconf 89' lang='lat' dir='ltr'>contra</span> <span class='ocrx_word' id='word_1_88' title='bbox 602 1412 671 1453; x_wconf 90' lang='lat' dir='ltr'>mea</span> <span class='ocrx_word' id='word_1_89' title='bbox 686 1393 789 1469; x_wconf 85' lang='lat' dir='ltr'>iurgia</span> <span class='ocrx_word' id='word_1_90' title='bbox 802 1393 895 1468; x_wconf 86' lang='lat' dir='ltr'>fingit</span> 
     </span>
    </p>

    <p class='ocr_par' dir='ltr' id='par_1_10' title="bbox 120 1489 879 1550">
     <span class='ocr_line' id='line_1_14' title="bbox 120 1489 879 1550; baseline 0.001 -3"><span class='ocrx_word' id='word_1_91' title='bbox 120 1489 249 1549; x_wconf 85' lang='lat' dir='ltr'>artificis</span> <span class='ocrx_word' id='word_1_92' title='bbox 264 1491 364 1550; x_wconf 91' lang='lat' dir='ltr'>scelus</span> <span class='ocrx_word' id='word_1_93' title='bbox 379 1496 411 1549; x_wconf 89' lang='lat' dir='ltr'>et</span> <span class='ocrx_word' id='word_1_94' title='bbox 425 1490 594 1549; x_wconf 82' lang='lat' dir='ltr'>formidine</span> <span class='ocrx_word' id='word_1_95' title='bbox 609 1490 727 1549; x_wconf 85' lang='lat' dir='ltr'>crimen</span> <span class='ocrx_word' id='word_1_96' title='bbox 747 1490 879 1550; x_wconf 90' lang='lat' dir='ltr'>acerbat.</span> 
     </span>
    </p>

    <p class='ocr_par' dir='ltr' id='par_1_11' title="bbox 119 1586 1125 1761">
     <span class='ocr_line' id='line_1_15' title="bbox 119 1586 1045 1673; baseline 0.005 -29"><span class='ocrx_word' id='word_1_97' title='bbox 119 1606 289 1663; x_wconf 87' lang='lat' dir='ltr'>numquam</span> <span class='ocrx_word' id='word_1_98' title='bbox 304 1587 440 1646; x_wconf 88' lang='lat' dir='ltr'>animam</span> <span class='ocrx_word' id='word_1_99' title='bbox 454 1587 551 1646; x_wconf 90' lang='lat' dir='ltr'>talem</span> <span class='ocrx_word' id='word_1_100' title='bbox 566 1588 677 1646; x_wconf 82' lang='lat' dir='ltr'>dextra</span> <span class='ocrx_word' id='word_1_101' title='bbox 690 1586 749 1646; x_wconf 98' lang='grc'><strong>1130</strong></span> <span class='ocrx_word' id='word_1_102' title='bbox 764 1587 894 1665; x_wconf 90' lang='lat' dir='ltr'>(absiste</span> <span class='ocrx_word' id='word_1_103' title='bbox 909 1588 1045 1673; x_wconf 86' lang='lat' dir='ltr'>moveri)</span> 
     </span>
     <span class='ocr_line' id='line_1_16' title="bbox 120 1682 1125 1761; baseline 0.004 -21"><span class='ocrx_word' id='word_1_104' title='bbox 120 1682 262 1743; x_wconf 88' lang='lat' dir='ltr'>amittes:</span> <span class='ocrx_word' id='word_1_105' title='bbox 284 1683 407 1742; x_wconf 88' lang='lat' dir='ltr'>habitet</span> <span class='ocrx_word' id='word_1_106' title='bbox 421 1689 523 1742; x_wconf 88' lang='lat' dir='ltr'>tecum</span> <span class='ocrx_word' id='word_1_107' title='bbox 538 1689 570 1743; x_wconf 94' lang='lat' dir='ltr'>et</span> <span class='ocrx_word' id='word_1_108' title='bbox 584 1683 627 1744; x_wconf 88' lang='lat' dir='ltr'>sit</span> <span class='ocrx_word' id='word_1_109' title='bbox 640 1689 765 1761; x_wconf 81' lang='lat' dir='ltr'>pectore</span> <span class='ocrx_word' id='word_1_110' title='bbox 779 1684 813 1742; x_wconf 93' lang='lat' dir='ltr'>in</span> <span class='ocrx_word' id='word_1_111' title='bbox 827 1683 897 1744; x_wconf 90' lang='lat' dir='ltr'>isto.</span> <span class='ocrx_word' id='word_1_112' title='bbox 1098 1698 1125 1744; x_wconf 76' lang='lat'>15</span> 
     </span>
    </p>
   </div>
   <div class='ocr_carea' id='block_1_3' title="bbox 304 1925 932 1988">
    <p class='ocr_par' dir='ltr' id='par_1_12' title="bbox 304 1925 932 1988">
     <span class='ocr_line' id='line_1_17' title="bbox 304 1925 932 1988; baseline 0 -9"><span class='ocrx_word' id='word_1_113' title='bbox 304 1928 412 1979; x_wconf 82' lang='lat' dir='ltr'>Turnus</span> <span class='ocrx_word' id='word_1_114' title='bbox 424 1934 610 1979; x_wconf 70' lang='lat' dir='ltr'>nocturnam</span> <span class='ocrx_word' id='word_1_115' title='bbox 622 1929 745 1988; x_wconf 77' lang='lat' dir='ltr'>Latinus,</span> <span class='ocrx_word' id='word_1_116' title='bbox 757 1941 795 1976; x_wconf 88' lang='lat' dir='ltr'>xr.</span> <span class='ocrx_word' id='word_1_117' title='bbox 808 1925 932 1979; x_wconf 76' lang='lat' dir='ltr'>‹ilo-433.</span> 
     </span>
    </p>
   </div>
   <div class='ocr_carea' id='block_1_4' title="bbox 117 2069 1123 2823">
    <p class='ocr_par' dir='ltr' id='par_1_13' title="bbox 118 2069 998 2146">
     <span class='ocr_line' id='line_1_18' title="bbox 118 2069 998 2146; baseline 0 -17"><span class='ocrx_word' id='word_1_118' title='bbox 118 2071 212 2129; x_wconf 89' lang='lat' dir='ltr'>Nunc</span> <span class='ocrx_word' id='word_1_119' title='bbox 226 2070 266 2129; x_wconf 93' lang='lat' dir='ltr'>ad</span> <span class='ocrx_word' id='word_1_120' title='bbox 279 2075 312 2128; x_wconf 92' lang='lat' dir='ltr'>te</span> <span class='ocrx_word' id='word_1_121' title='bbox 327 2075 359 2128; x_wconf 89' lang='lat' dir='ltr'>et</span> <span class='ocrx_word' id='word_1_122' title='bbox 372 2075 429 2129; x_wconf 92' lang='lat' dir='ltr'>tua</span> <span class='ocrx_word' id='word_1_123' title='bbox 442 2088 564 2146; x_wconf 85' lang='lat' dir='ltr'>magna,</span> <span class='ocrx_word' id='word_1_124' title='bbox 579 2074 677 2146; x_wconf 87' lang='lat' dir='ltr'>pater,</span> <span class='ocrx_word' id='word_1_125' title='bbox 693 2069 836 2129; x_wconf 89' lang='lat' dir='ltr'>consulta</span> <span class='ocrx_word' id='word_1_126' title='bbox 850 2073 998 2130; x_wconf 86' lang='lat' dir='ltr'>revertor.</span> 
     </span>
    </p>

    <p class='ocr_par' dir='ltr' id='par_1_14' title="bbox 119 2165 886 2243">
     <span class='ocr_line' id='line_1_19' title="bbox 119 2165 886 2243; baseline 0 -17"><span class='ocrx_word' id='word_1_127' title='bbox 119 2166 147 2226; x_wconf 90' lang='lat' dir='ltr'>si</span> <span class='ocrx_word' id='word_1_128' title='bbox 160 2165 280 2224; x_wconf 91' lang='lat' dir='ltr'>nullam</span> <span class='ocrx_word' id='word_1_129' title='bbox 295 2167 411 2226; x_wconf 86' lang='lat' dir='ltr'>nostris</span> <span class='ocrx_word' id='word_1_130' title='bbox 425 2166 510 2225; x_wconf 86' lang='lat' dir='ltr'>ultra</span> <span class='ocrx_word' id='word_1_131' title='bbox 524 2184 611 2243; x_wconf 91' lang='lat' dir='ltr'>spem</span> <span class='ocrx_word' id='word_1_132' title='bbox 626 2165 717 2243; x_wconf 90' lang='lat' dir='ltr'>ponis</span> <span class='ocrx_word' id='word_1_133' title='bbox 732 2165 767 2224; x_wconf 90' lang='lat' dir='ltr'>in</span> <span class='ocrx_word' id='word_1_134' title='bbox 781 2166 886 2241; x_wconf 86' lang='lat' dir='ltr'>armis,</span> 
     </span>
    </p>

    <p class='ocr_par' dir='ltr' id='par_1_15' title="bbox 119 2262 880 2338">
     <span class='ocr_line' id='line_1_20' title="bbox 119 2262 880 2338; baseline -0.001 -16"><span class='ocrx_word' id='word_1_135' title='bbox 119 2263 146 2322; x_wconf 89' lang='lat' dir='ltr'>si</span> <span class='ocrx_word' id='word_1_136' title='bbox 160 2267 225 2321; x_wconf 94' lang='lat' dir='ltr'>tam</span> <span class='ocrx_word' id='word_1_137' title='bbox 240 2262 357 2322; x_wconf 87' lang='lat' dir='ltr'>deserti</span> <span class='ocrx_word' id='word_1_138' title='bbox 372 2281 479 2323; x_wconf 89' lang='lat' dir='ltr'>sumus</span> <span class='ocrx_word' id='word_1_139' title='bbox 495 2268 526 2321; x_wconf 92' lang='lat' dir='ltr'>et</span> <span class='ocrx_word' id='word_1_140' title='bbox 541 2262 637 2322; x_wconf 90' lang='lat' dir='ltr'>semel</span> <span class='ocrx_word' id='word_1_141' title='bbox 652 2262 776 2338; x_wconf 86' lang='lat' dir='ltr'>agmine</span> <span class='ocrx_word' id='word_1_142' title='bbox 790 2281 880 2322; x_wconf 89' lang='lat' dir='ltr'>verso</span> 
     </span>
    </p>

    <p class='ocr_par' dir='ltr' id='par_1_16' title="bbox 118 2358 1123 2629">
     <span class='ocr_line' id='line_1_21' title="bbox 118 2358 1028 2436; baseline 0.001 -19"><span class='ocrx_word' id='word_1_143' title='bbox 118 2359 263 2418; x_wconf 83' lang='lat' dir='ltr'>funditus</span> <span class='ocrx_word' id='word_1_144' title='bbox 278 2359 448 2418; x_wconf 86' lang='lat' dir='ltr'>occidimus</span> <span class='ocrx_word' id='word_1_145' title='bbox 464 2377 565 2436; x_wconf 90' lang='lat' dir='ltr'>neque</span> <span class='ocrx_word' id='word_1_146' title='bbox 580 2358 675 2418; x_wconf 90' lang='lat' dir='ltr'>habet</span> <span class='ocrx_word' id='word_1_147' title='bbox 689 2361 829 2418; x_wconf 80' lang='lat' dir='ltr'>Fortuna</span> <span class='ocrx_word' id='word_1_148' title='bbox 842 2376 1028 2436; x_wconf 85' lang='lat' dir='ltr'>regressum,</span> 
     </span>
     <span class='ocr_line' id='line_1_22' title="bbox 118 2455 1123 2533; baseline 0 -19"><span class='ocrx_word' id='word_1_149' title='bbox 118 2474 240 2515; x_wconf 90' lang='lat' dir='ltr'>oremus</span> <span class='ocrx_word' id='word_1_150' title='bbox 256 2474 361 2533; x_wconf 89' lang='lat' dir='ltr'>pacem</span> <span class='ocrx_word' id='word_1_151' title='bbox 378 2461 410 2514; x_wconf 89' lang='lat' dir='ltr'>et</span> <span class='ocrx_word' id='word_1_152' title='bbox 424 2456 550 2516; x_wconf 83' lang='lat' dir='ltr'>dextras</span> <span class='ocrx_word' id='word_1_153' title='bbox 564 2456 731 2516; x_wconf 92' lang='lat' dir='ltr'>tendamus</span> <span class='ocrx_word' id='word_1_154' title='bbox 747 2455 865 2516; x_wconf 90' lang='lat' dir='ltr'>inertis.</span> <span class='ocrx_word' id='word_1_155' title='bbox 1094 2468 1123 2514; x_wconf 80' lang='grc'>30</span> 
     </span>
     <span class='ocr_line' id='line_1_23' title="bbox 118 2552 990 2629; baseline 0.002 -19"><span class='ocrx_word' id='word_1_156' title='bbox 118 2571 306 2629; x_wconf 90' lang='lat' dir='ltr'>quamquam</span> <span class='ocrx_word' id='word_1_157' title='bbox 322 2572 339 2611; x_wconf 96' lang='lat' dir='ltr'>o</span> <span class='ocrx_word' id='word_1_158' title='bbox 354 2552 381 2611; x_wconf 86' lang='lat' dir='ltr'>si</span> <span class='ocrx_word' id='word_1_159' title='bbox 396 2552 507 2612; x_wconf 90' lang='lat' dir='ltr'>solitae</span> <span class='ocrx_word' id='word_1_160' title='bbox 522 2553 689 2629; x_wconf 86' lang='lat' dir='ltr'>quicquam</span> <span class='ocrx_word' id='word_1_161' title='bbox 703 2552 831 2613; x_wconf 87' lang='lat' dir='ltr'>virtutis</span> <span class='ocrx_word' id='word_1_162' title='bbox 847 2552 990 2612; x_wconf 75' lang='lat' dir='ltr'>adesset!</span> 
     </span>
    </p>

    <p class='ocr_par' dir='ltr' id='par_1_17' title="bbox 117 2647 859 2726">
     <span class='ocr_line' id='line_1_24' title="bbox 117 2647 859 2726; baseline 0.001 -20"><span class='ocrx_word' id='word_1_163' title='bbox 117 2647 172 2707; x_wconf 88' lang='lat' dir='ltr'>ille</span> <span class='ocrx_word' id='word_1_164' title='bbox 187 2648 265 2707; x_wconf 89' lang='lat' dir='ltr'>mihi</span> <span class='ocrx_word' id='word_1_165' title='bbox 280 2654 352 2708; x_wconf 90' lang='lat' dir='ltr'>ante</span> <span class='ocrx_word' id='word_1_166' title='bbox 368 2649 446 2708; x_wconf 85' lang='lat' dir='ltr'>alios</span> <span class='ocrx_word' id='word_1_167' title='bbox 461 2649 703 2726; x_wconf 86' lang='lat' dir='ltr'>fortunatusque</span> <span class='ocrx_word' id='word_1_168' title='bbox 718 2649 859 2708; x_wconf 88' lang='lat' dir='ltr'>laborum</span> 
     </span>
    </p>

    <p class='ocr_par' dir='ltr' id='par_1_18' title="bbox 118 2745 892 2823">
     <span class='ocr_line' id='line_1_25' title="bbox 118 2745 892 2823; baseline 0.001 -19"><span class='ocrx_word' id='word_1_169' title='bbox 118 2745 321 2823; x_wconf 85' lang='lat' dir='ltr'>egregiusque</span> <span class='ocrx_word' id='word_1_170' title='bbox 335 2745 441 2819; x_wconf 89' lang='lat' dir='ltr'>animi,</span> <span class='ocrx_word' id='word_1_171' title='bbox 457 2746 522 2822; x_wconf 88' lang='lat' dir='ltr'>qui,</span> <span class='ocrx_word' id='word_1_172' title='bbox 537 2764 576 2805; x_wconf 91' lang='lat' dir='ltr'>ne</span> <span class='ocrx_word' id='word_1_173' title='bbox 591 2745 668 2823; x_wconf 90' lang='lat' dir='ltr'>quid</span> <span class='ocrx_word' id='word_1_174' title='bbox 684 2745 747 2805; x_wconf 86' lang='lat' dir='ltr'>tale</span> <span class='ocrx_word' id='word_1_175' title='bbox 762 2745 892 2822; x_wconf 88' lang='lat' dir='ltr'>videret,</span> 
     </span>
    </p>
   </div>
   <div class='ocr_carea' id='block_1_5' title="bbox 116 2937 1124 3393">
    <p class='ocr_par' dir='ltr' id='par_1_19' title="bbox 116 2937 1124 3393">
     <span class='ocr_line' id='line_1_26' title="bbox 156 2937 1122 2999; baseline 0.003 -14"><span class='ocrx_word' id='word_1_176' title='bbox 156 2941 178 2986; x_wconf 88' lang='lat'>1.</span> <span class='ocrx_word' id='word_1_177' title='bbox 199 2941 304 2994; x_wconf 83' lang='lat' dir='ltr'>exutos,</span> <span class='ocrx_word' id='word_1_178' title='bbox 323 2939 456 2996; x_wconf 81' lang='lat' dir='ltr'>despoiled.</span> <span class='ocrx_word' id='word_1_179' title='bbox 488 2940 509 2985; x_wconf 89' lang='lat'>3.</span> <span class='ocrx_word' id='word_1_180' title='bbox 529 2937 580 2994; x_wconf 87' lang='lat' dir='ltr'>die,</span> <span class='ocrx_word' id='word_1_181' title='bbox 599 2939 628 2984; x_wconf 83' lang='grc'>13</span> <span class='ocrx_word' id='word_1_182' title='bbox 648 2952 694 2985; x_wconf 83' lang='lat' dir='ltr'>one</span> <span class='ocrx_word' id='word_1_183' title='bbox 714 2940 775 2996; x_wconf 79' lang='lat' dir='ltr'>dap.</span> <span class='ocrx_word' id='word_1_184' title='bbox 806 2941 828 2984; x_wconf 90' lang='lat'>9.</span> <span class='ocrx_word' id='word_1_185' title='bbox 849 2938 1057 2999; x_wconf 75' lang='lat' dir='ltr'>Myrmidonum,</span> <span class='ocrx_word' id='word_1_186' title='bbox 1079 2943 1122 2989; x_wconf 90' lang='lat' dir='ltr'>the</span> 
     </span>
     <span class='ocr_line' id='line_1_27' title="bbox 117 3007 1123 3064; baseline 0.003 -11"><span class='ocrx_word' id='word_1_187' title='bbox 117 3007 246 3054; x_wconf 75' lang='lat' dir='ltr'>followers</span> <span class='ocrx_word' id='word_1_188' title='bbox 266 3008 293 3052; x_wconf 78' lang='lat' dir='ltr'>of</span> <span class='ocrx_word' id='word_1_189' title='bbox 313 3007 433 3053; x_wconf 84' lang='lat' dir='ltr'>Achilles.</span> <span class='ocrx_word' id='word_1_190' title='bbox 465 3008 488 3053; x_wconf 84' lang='lat'>9.</span> <span class='ocrx_word' id='word_1_191' title='bbox 508 3017 643 3064; x_wconf 80' lang='lat' dir='ltr'>proceres,</span> <span class='ocrx_word' id='word_1_192' title='bbox 660 3007 749 3063; x_wconf 79' lang='lat' dir='ltr'>chiese.</span> <span class='ocrx_word' id='word_1_193' title='bbox 780 3009 802 3052; x_wconf 88' lang='grc'>9.</span> <span class='ocrx_word' id='word_1_194' title='bbox 824 3008 1000 3063; x_wconf 78' lang='lat' dir='ltr'>tremescunt,</span> <span class='ocrx_word' id='word_1_195' title='bbox 1019 3010 1123 3056; x_wconf 83' lang='lat' dir='ltr'>tremblc</span> 
     </span>
     <span class='ocr_line' id='line_1_28' title="bbox 117 3072 1121 3138; baseline 0.003 -16"><span class='ocrx_word' id='word_1_196' title='bbox 117 3081 152 3122; x_wconf 81' lang='lat' dir='ltr'>at.</span> <span class='ocrx_word' id='word_1_197' title='bbox 184 3076 219 3120; x_wconf 84' lang='lat'>12.</span> <span class='ocrx_word' id='word_1_198' title='bbox 238 3077 334 3120; x_wconf 84' lang='lat' dir='ltr'>contre</span> <span class='ocrx_word' id='word_1_199' title='bbox 343 3084 404 3120; x_wconf 84' lang='lat' dir='ltr'>mee</span> <span class='ocrx_word' id='word_1_200' title='bbox 415 3072 514 3132; x_wconf 75' lang='lat' dir='ltr'>iurgia,</span> <span class='ocrx_word' id='word_1_201' title='bbox 525 3075 555 3120; x_wconf 81' lang='lat' dir='ltr'>ic</span> <span class='ocrx_word' id='word_1_202' title='bbox 566 3075 606 3120; x_wconf 84' lang='grc'>110</span> <span class='ocrx_word' id='word_1_203' title='bbox 615 3075 678 3130; x_wconf 85' lang='lat' dir='ltr'>foce</span> <span class='ocrx_word' id='word_1_204' title='bbox 689 3076 720 3131; x_wconf 84' lang='lat' dir='ltr'>of</span> <span class='ocrx_word' id='word_1_205' title='bbox 731 3088 775 3131; x_wconf 75' lang='lat' dir='ltr'>my</span> <span class='ocrx_word' id='word_1_206' title='bbox 786 3078 943 3121; x_wconf 75' lang='grc'><strong>0031011103.</strong></span> <span class='ocrx_word' id='word_1_207' title='bbox 975 3078 1012 3122; x_wconf 87' lang='lat'>12.</span> <span class='ocrx_word' id='word_1_208' title='bbox 1033 3075 1121 3138; x_wconf 71' lang='lat' dir='ltr'>fingit,</span> 
     </span>
     <span class='ocr_line' id='line_1_29' title="bbox 116 3139 1123 3200; baseline 0.003 -11"><span class='ocrx_word' id='word_1_209' title='bbox 116 3147 265 3200; x_wconf 74' lang='lat' dir='ltr'>represents.</span> <span class='ocrx_word' id='word_1_210' title='bbox 311 3144 347 3187; x_wconf 84' lang='lat'>13.</span> <span class='ocrx_word' id='word_1_211' title='bbox 374 3139 489 3188; x_wconf 79' lang='lat' dir='ltr'>artificis</span> <span class='ocrx_word' id='word_1_212' title='bbox 514 3140 611 3196; x_wconf 76' lang='lat' dir='ltr'>scelus,</span> <span class='ocrx_word' id='word_1_213' title='bbox 638 3142 678 3187; x_wconf 83' lang='grc'>110</span> <span class='ocrx_word' id='word_1_214' title='bbox 708 3142 814 3188; x_wconf 66' lang='grc'><strong>1000000</strong></span> <span class='ocrx_word' id='word_1_215' title='bbox 840 3143 915 3189; x_wconf 71' lang='lat' dir='ltr'>triola.</span> <span class='ocrx_word' id='word_1_216' title='bbox 959 3145 995 3190; x_wconf 90' lang='grc'><strong>13.</strong></span> <span class='ocrx_word' id='word_1_217' title='bbox 1020 3142 1123 3192; x_wconf 83' lang='lat' dir='ltr'>crimen</span> 
     </span>
     <span class='ocr_line' id='line_1_30' title="bbox 117 3207 1124 3270; baseline 0.001 -12"><span class='ocrx_word' id='word_1_218' title='bbox 117 3208 236 3265; x_wconf 73' lang='lat' dir='ltr'>acerbat,</span> <span class='ocrx_word' id='word_1_219' title='bbox 255 3211 379 3267; x_wconf 79' lang='lat' dir='ltr'>cherpens</span> <span class='ocrx_word' id='word_1_220' title='bbox 401 3210 443 3255; x_wconf 80' lang='grc'>110</span> <span class='ocrx_word' id='word_1_221' title='bbox 467 3210 624 3256; x_wconf 80' lang='lat' dir='ltr'>accusation.</span> <span class='ocrx_word' id='word_1_222' title='bbox 666 3211 700 3255; x_wconf 89' lang='lat'>19.</span> <span class='ocrx_word' id='word_1_223' title='bbox 720 3207 853 3266; x_wconf 74' lang='lat' dir='ltr'>funditus,</span> <span class='ocrx_word' id='word_1_224' title='bbox 878 3211 982 3270; x_wconf 72' lang='lat' dir='ltr'>utterly.</span> <span class='ocrx_word' id='word_1_225' title='bbox 1024 3214 1061 3258; x_wconf 88' lang='lat'>19.</span> <span class='ocrx_word' id='word_1_226' title='bbox 1083 3223 1124 3259; x_wconf 84' lang='lat' dir='ltr'>re·</span> 
     </span>
     <span class='ocr_line' id='line_1_31' title="bbox 116 3276 1121 3338; baseline 0.002 -14"><span class='ocrx_word' id='word_1_227' title='bbox 116 3287 249 3337; x_wconf 70' lang='lat' dir='ltr'>mesum,</span> <span class='ocrx_word' id='word_1_228' title='bbox 269 3279 385 3335; x_wconf 62' lang='lat' dir='ltr'>turcinu.</span> <span class='ocrx_word' id='word_1_229' title='bbox 414 3279 451 3323; x_wconf 80' lang='lat'>21.</span> <span class='ocrx_word' id='word_1_230' title='bbox 473 3287 645 3335; x_wconf 80' lang='lat' dir='ltr'>quamquem,</span> <span class='ocrx_word' id='word_1_231' title='bbox 663 3278 716 3323; x_wconf 84' lang='lat' dir='ltr'>and</span> <span class='ocrx_word' id='word_1_232' title='bbox 730 3283 780 3336; x_wconf 77' lang='lat' dir='ltr'>yet.</span> <span class='ocrx_word' id='word_1_233' title='bbox 812 3279 849 3324; x_wconf 80' lang='lat'>22.</span> <span class='ocrx_word' id='word_1_234' title='bbox 869 3276 918 3325; x_wconf 85' lang='lat' dir='ltr'>ille</span> <span class='ocrx_word' id='word_1_235' title='bbox 932 3279 978 3337; x_wconf 86' lang='lat' dir='ltr'>(sc.</span> <span class='ocrx_word' id='word_1_236' title='bbox 994 3280 1121 3338; x_wconf 78' lang='lat' dir='ltr'>videtur),</span> 
     </span>
     <span class='ocr_line' id='line_1_32' title="bbox 117 3347 239 3393; baseline -0.025 0"><span class='ocrx_word' id='word_1_237' title='bbox 117 3347 239 3393; x_wconf 73' lang='grc'><strong>11010110.</strong></span> 
     </span>
    </p>
   </div>
   <div class='ocr_carea' id='block_1_6' title="bbox 0 0 1246 3876">
    <p class='ocr_par' dir='ltr' id='par_1_20' title="bbox 0 0 1246 3876">
     <span class='ocr_line' id='line_1_33' title="bbox 0 0 1246 3876; baseline 0 0"><span class='ocrx_word' id='word_1_238' title='bbox 0 0 1246 3876; x_wconf 95' lang='lat' dir='ltr'> </span> 
     </span>
    </p>
   </div>
  </div>
 </body>
</html>
