2484 3876
117 213 257 281 ter-eea]
391 211 466 262 THE
490 211 608 262 STORY
631 210 676 261 OF
699 211 852 262 TURNUS.

116 384 184 438 tum
199 376 280 454 lapis
294 375 362 453 ipse
377 372 447 450 viri,
462 392 594 434 vacuum
609 392 665 451 per
678 373 771 433 inane
786 373 923 450 volutus,

117 493 173 534 uec
189 474 326 551 spatium
342 471 443 532 evasit
457 476 559 530 totum
573 489 675 547 neque
689 470 821 548 pertulit
835 470 941 532 ictum

115 590 152 632 ac
167 571 255 630 velut
269 569 304 628 in
318 568 445 643 somnis,
462 567 567 628 oeulos
581 567 636 627 ubi
651 567 801 644 languida
814 567 930 645 pressit

78 689 80 693 ’
115 673 208 728 nocte
223 667 321 744 quies,
337 666 529 742 nequiquam
544 663 652 724 avidos
669 665 836 724 extendere
853 683 963 726 cursus

115 764 199 825 velle
213 764 358 823 videmur
372 761 451 821 etin
465 760 579 820 mediis
594 760 757 821 conatibus
772 761 858 836 aegri
1111 770 1127 818 5

117 860 306 922 succidimus
323 859 399 937 (non
414 857 523 932 lingua
536 857 631 932 valet,
646 876 709 916 non
723 875 850 934 corpore
865 862 958 918 notae

117 956 277 1019 sufficiunt
290 956 373 1015 vires
388 973 444 1013 nec
459 973 520 1013 vox
535 959 589 1013 aut
604 954 699 1014 verba
713 956 910 1036 sequuntur),

116 1054 162 1115 sio
178 1055 292 1127 Turno,
308 1069 503 1130 quacumque
517 1051 602 1109 viam
615 1051 734 1110 virtute
748 1051 873 1127 petivit,

117 1168 295 1212 successum
309 1149 368 1208 dea
382 1147 452 1207 dira
465 1152 568 1222 negat.
610 1152 679 1206 tum
694 1152 818 1224 pectore
833 1166 944 1210 sensus

116 1251 285 1306 vertuntur
298 1244 395 1304 varii:
418 1243 554 1303 Rutulos
570 1248 711 1321 aspectat
725 1249 757 1303 et
772 1245 880 1304 urbem
1095 1257 1126 1305 ιο
1201 1239 1207 1252 ’

116 1347 343 1419 cunctaturque
358 1345 445 1399 metu
458 1340 619 1418 telumque
634 1340 752 1400 instare
765 1341 926 1401 tremescit

116 1458 183 1514 nec,
199 1457 260 1516 quo
275 1457 307 1498 se
322 1437 445 1514 eripiat,
460 1454 526 1511 nec,
542 1455 605 1515 qua
618 1437 651 1495 vi
665 1437 775 1496 tendat
790 1436 824 1495 iu
837 1436 970 1515 hostem,

116 1555 174 1596 neo
189 1554 297 1595 currus
311 1552 444 1611 usquam
460 1533 547 1593 videt
562 1533 764 1610 aurigamque
780 1552 924 1595 sororem

117 1632 278 1694 cunctanti
292 1632 392 1691 telum
407 1629 529 1690 Aeneas
544 1630 643 1690 fatale
658 1635 808 1705 coruscat,

118 1730 249 1791 sortitus
263 1730 423 1788 fortunam
438 1727 546 1802 oculis,
563 1732 595 1786 et
609 1745 735 1804 corpore
750 1731 817 1786 toto

118 1827 239 1887 eminus
254 1826 422 1903 intorquet.
465 1823 581 1884 murali
595 1824 717 1883 concita
730 1843 901 1902 numquam

117 1928 274 1984 tormento
288 1923 332 1983 sic
347 1940 424 1983 saxa
437 1921 587 1996 fremunt,
603 1938 659 1980 nec
674 1920 807 1979 fulmine
822 1919 905 1981 tanti

119 2020 290 2080 dissultant
304 2018 450 2096 crepitus.
495 2018 582 2077 volat
596 2016 656 2076 atri
671 2017 807 2077 turbinis
822 2017 924 2078 instar

119 2116 252 2177 exitium
267 2116 369 2175 dirum
383 2116 477 2176 hasta
490 2115 595 2174 ferens
611 2131 741 2190 orasque
756 2114 893 2174 recludit

118 2214 233 2275 loricae
248 2217 280 2272 et
293 2211 386 2290 clipei
401 2217 557 2272 extremos
573 2209 786 2287 septemplicis
802 2212 900 2272 orbes.
1095 2227 1126 2274 to

119 2329 174 2389 per
189 2309 327 2368 medium
342 2308 478 2368 stridens
492 2307 607 2367 transit
622 2307 733 2365 femur.
776 2307 888 2367 incidit
901 2307 984 2372 ictus

118 2409 230 2485 ingens
244 2407 285 2467 ad
298 2412 414 2466 terram
429 2406 589 2483 duplicato
604 2403 724 2482 poplite
739 2406 872 2464 Turnus.

119 2509 310 2580 consurgunt
325 2501 444 2579 gemitu
457 2500 569 2561 Rutuli
584 2506 731 2579 totusque
746 2500 882 2576 remugit

73 2621 78 2632 ·
119 2620 208 2661 mons
223 2600 339 2660 circum
353 2604 385 2658 et
398 2617 507 2657 vocem
521 2597 584 2658 late
598 2615 726 2657 nemora
740 2595 805 2656 alta
818 2597 992 2659 remittunt.

120 2697 174 2757 ille
188 2696 319 2757 humilis
334 2695 529 2773 supplexque
544 2695 647 2755 oculos
663 2695 868 2770 dextramque
883 2701 1062 2771 precantem
1095 2709 1125 2756 2⁶

119 2793 310 2872 protendens
325 2793 497 2869 ‘Equidem
511 2791 619 2866 merui,
633 2809 690 2851 nec
706 2791 872 2868 deprecor'
886 2789 1007 2869 inquit:

121 2896 227 2950 ‘utere
242 2895 325 2950 sorte
339 2893 402 2948 tua.
445 2886 552 2948 miseri
565 2892 597 2947 te
612 2887 639 2947 si
654 2906 716 2964 qua
730 2887 870 2965 parentis

119 2992 247 3064 tangere
262 3004 336 3046 cura
349 2989 462 3062 potest,
478 3002 531 3044 oro
547 2983 623 3062 (fuit
637 2988 669 3043 et
682 2983 742 3043 tibi
755 2984 831 3044 talis

150 3198 170 3241 1.
190 3205 307 3242 vacuum
327 3204 377 3252 por
395 3191 485 3248 inane,
502 3191 612 3249 throupt
632 3197 719 3250 empty
738 3206 820 3251 space.
851 3196 874 3241 2.
895 3196 992 3254 evenit,
1012 3203 1123 3248 covered.

120 3266 142 3310 5.
163 3261 314 3319 conatibus,
327 3266 455 3319 attempta.
487 3261 522 3306 11.
543 3258 637 3316 telum,
653 3261 755 3320 subject
769 3262 797 3308 of
812 3263 919 3312 instare.
952 3268 987 3312 15.
1009 3266 1124 3315 sortitus

121 3331 261 3379 torturam
284 3328 379 3386 oculis,
406 3328 499 3386 tarino
522 3328 660 3385 fortunate
686 3329 749 3376 cim.
789 3332 825 3377 17.
851 3332 995 3390 tormento,
1022 3338 1123 3394 eucine.

123 3402 157 3446 18.
177 3397 305 3458 crepitus,
318 3398 448 3456 crastinp.
480 3397 516 3442 18.
536 3393 705 3452 instanlikc.
735 3397 773 3443 22.
793 3397 906 3457 poplite,
917 3401 989 3450 lenae.
