2484 3876
132 182 172 242 co
471 180 626 233 vnacnr
647 181 791 234 aarum.
964 183 1124 251 [nooxxn

133 343 249 404 deserit
263 362 298 403 ao
312 343 423 421 rapido
437 362 530 404 cursu
543 344 648 405 media
661 345 788 421 agmina
801 346 929 424 rumpit.

132 458 168 499 ac
182 439 283 499 veluti
296 441 413 502 montis
429 459 540 501 saxum
554 442 593 500 de
607 442 725 501 vertice
740 461 889 521 praeceps

132 555 203 596 cum
217 537 290 612 ruit,
306 538 448 597 avolsum
464 544 565 612 vento,
582 556 637 598 seu
650 539 796 599 turbidus
810 540 911 600 imber

132 633 250 710 proluit
264 639 318 693 aut
333 634 423 694 annis
439 634 534 694 solvit
548 634 697 712 sublapsa
711 641 870 712 vetustas3

131 729 233 789 fertur
248 731 282 789 in
295 731 462 808 abruptum
476 749 589 806 magno
603 750 692 792 mons
707 731 868 811 improbus
883 738 958 794 actu
1112 742 1127 790 t

132 827 332 904 exsultatque
347 828 422 902 sole,
438 827 545 903 silvas,
560 834 703 888 armenta
716 829 864 908 virosque

132 922 294 985 involvens
310 942 431 984 secum:
455 924 586 984 disiecta
600 943 656 1003 per
671 926 797 1002 agmina
810 927 935 988 Turnus

132 1020 176 1081 sic
190 1021 276 1081 urbis
291 1021 356 1080 ruit
370 1021 410 1080 ad
424 1040 538 1096 muros,
553 1021 608 1081 ubi
621 1022 760 1098 plurima
772 1023 845 1083 fuso
912 1058 915 1065 ι

132 1118 282 1193 sanguine
297 1122 381 1178 terra
393 1118 499 1178 madet
514 1118 714 1195 striduntque
727 1118 896 1180 hastilibus
911 1139 1016 1198 aurae,

132 1214 349 1291 significatque
363 1233 459 1275 manu
473 1219 504 1273 et
518 1233 631 1290 magno
646 1215 741 1276 simul
755 1215 869 1294 incipit
883 1235 951 1277 ore:
1102 1228 1128 1276 10

133 1311 276 1370 ‘Parcite
290 1311 362 1387 iam,
379 1310 500 1385 Rutuli,
516 1317 548 1370 et
561 1330 618 1371 vos
632 1312 697 1372 tela
711 1312 860 1388 inhibete,
876 1313 1000 1373 Latini:

132 1424 344 1484 quaecumque
359 1413 407 1466 est
420 1408 568 1482 Fortuna,
584 1426 653 1467 mea
667 1413 716 1468 est
728 1431 735 1483 ;
757 1428 807 1468 me
820 1398 927 1470 verius
941 1428 1043 1470 unum

132 1522 187 1581 pro
200 1504 290 1564 vobis
304 1504 414 1564 foedus
429 1504 514 1563 luere
529 1510 561 1564 et
576 1505 740 1564 decernere
755 1506 859 1565 ferro'

132 1600 300 1661 discessere
315 1617 421 1660 omnes
436 1600 532 1659 medii
547 1600 746 1679 spatiumque
761 1602 883 1662 dedere.

136 1845 244 1896 Tarans
256 1846 311 1895 aad
321 1844 510 1909 ι’11111111ρὶ11,
520 1845 584 1906 aad,
598 1845 641 1894 bia
652 1846 851 1910 swordsailioq
861 1846 926 1908 him,
940 1844 1128 1911 Tamusfleea

131 1942 182 1978 1111,
194 1927 317 1977 697-746.

171 2068 216 2127 Α1
229 2073 319 2145 pater
332 2067 456 2128 Aeneas
471 2067 579 2128 audito
593 2068 719 2129 nomine
733 2068 833 2128 Turni
930 2100 933 2104 Α
1105 2083 1132 2129 11

130 2165 247 2225 deserit
261 2170 294 2224 et
307 2183 410 2225 muros
425 2170 458 2224 et
472 2184 609 2225 summas
624 2165 741 2225 deserit
754 2183 840 2226 arces

130 2261 377 2339 praecipitatque
391 2280 494 2322 moras
508 2261 619 2338 omnis,
635 2280 730 2340 opera
743 2262 848 2323 omnia
861 2263 990 2341 rumpit,

130 2357 253 2418 laetitia
267 2357 438 2433 exsultans,
454 2358 705 2436 horrendumque
720 2359 844 2419 intonat
858 2359 963 2436 armis,

130 2462 265 2532 quantus
280 2454 383 2514 Athos
398 2459 453 2514 aut
468 2460 604 2533 quantus
619 2457 708 2534 Eryx
721 2461 776 2516 aut
790 2455 867 2533 ipse,
882 2456 1022 2518 coruscis

130 2570 200 2611 cum
214 2551 322 2610 fremit
336 2551 470 2626 ilicibus,
487 2557 632 2629 quantus,
649 2553 825 2629 gaudetque
839 2552 939 2612 nivali
1103 2564 1133 2611 ao

129 2648 246 2709 vertice
261 2667 293 2708 se
308 2649 457 2710 attollens
472 2654 561 2727 pater
575 2648 785 2727 Appenninus
800 2649 840 2708 ad
854 2667 953 2710 auras.

129 2746 192 2805 iam
206 2764 281 2805 vero
295 2751 327 2806 et
341 2745 455 2806 Rutuli
470 2745 614 2805 certatim
629 2751 661 2804 et
675 2748 770 2806 Troes
786 2750 818 2804 et
832 2763 938 2806 omnes

130 2851 309 2902 convertere
324 2843 429 2903 oeulos
444 2843 529 2917 Itali,
545 2842 661 2919 quique
676 2842 742 2901 alta
754 2843 904 2902 tenebant

129 2939 253 2999 moenia
267 2939 383 3016 quique
397 2939 476 3000 imos
490 2939 660 3016 pulsabant
674 2938 770 2997 ariete
784 2957 899 3013 muros,

130 3053 277 3114 armaque
292 3037 463 3113 deposuere
476 3035 602 3096 umeris.
646 3040 752 3116 stupet
765 3035 834 3113 ipse
848 3033 982 3097 Latinus
1106 3047 1134 3095 at

168 3231 191 3276 3.
212 3228 346 3286 avolsum,
365 3234 424 3276 torn
441 3242 486 3287 up.
516 3231 539 3275 4.
560 3226 673 3287 proluit,
684 3229 788 3276 warbed
807 3241 850 3293 up.
880 3231 903 3277 4.
924 3228 1135 3279 mis‚..sub·

129 3296 210 3357 lapsa
228 3299 361 3353 vetustas,
378 3300 439 3345 time
464 3299 494 3344 in
519 3298 560 3343 the
585 3311 673 3344 course
696 3298 725 3354 os
750 3310 834 3354 years.
871 3299 894 3344 9.
915 3296 1017 3355 madet,
1033 3301 1058 3347 is
1079 3304 1134 3347 wat.

130 3369 171 3415 12.
187 3365 290 3455 terim,
302 3366 389 3412 better.
419 3367 456 3411 20.
477 3363 594 3418 ilicibus,
607 3367 677 3412 oclus.
708 3367 744 3410 24.
766 3364 861 3423 ariete,
873 3366 1083 3425 tartareae-ram.
