2484 3876
76 220 201 287 meon]
352 219 427 270 run
451 217 568 270 sronr
591 217 637 268 or
659 217 814 269 ruerus,
1064 216 1083 278 3

45 410 48 419 ·
74 383 191 433 Latinus
208 382 259 432 has
275 380 417 432 consulted
434 380 480 430 the
498 379 586 431 oraclo
604 380 633 430 of
649 382 776 430 Faunus:
796 379 964 443 oioreigner
976 379 999 429 is
1010 384 1039 428 to
1049 379 1082 428 be

74 465 119 516 his
134 463 296 516 son-in-law.
330 465 387 514 The
404 462 506 526 lucian
522 463 675 513 wanderers
692 462 760 512 hove
777 462 885 523 lauded,
899 462 953 513 oud
970 462 1082 512 Latinus

74 549 126 599 hee
144 547 304 612 recognized
323 547 352 596 in
372 547 479 597 Aeneae
502 546 639 597 Lavinie’s
662 545 851 596 ioreordeined
872 545 1006 608 husband,
1029 560 1082 595 vu.

74 630 184 682 81-307.

75 774 155 825 Juno
167 774 322 836 pcrccivtno
334 773 387 823 tltto
398 775 423 822 ic
434 772 551 835 corconi
567 772 623 822 and
639 785 709 822 votos
723 785 878 835 cccccccccc,
890 785 940 820 ru.
955 769 1079 820 308-319.

75 912 140 973 Ast
154 931 219 989 eg0,
234 931 349 988 magna
362 912 449 973 Iovis
464 911 610 987 coniunx,
624 912 671 970 nil
685 911 827 989 linquere
842 912 988 973 inausum

75 1027 157 1086 quae
171 1008 259 1087 potui
269 1008 396 1083 infelix,
412 1026 491 1086 quee
505 1014 620 1068 memet
634 1008 668 1067 in
682 1009 788 1068 omnia
800 1008 892 1085 verti,

74 1105 184 1165 vincor
198 1104 237 1165 ab
251 1105 367 1165 Aenea.
411 1105 495 1182 quod
510 1105 537 1165 si
552 1124 621 1164 mea
634 1104 765 1164 numine
778 1124 841 1165 non
856 1109 930 1165 sunt

75 1220 191 1278 magne
218 1201 304 1276 satis,
334 1201 471 1261 dubitem
501 1201 587 1261 haud
618 1201 763 1279 equidem
797 1200 965 1279 implorare
999 1201 1083 1280 quod

156 1317 290 1376 usquam
304 1303 361 1358 est.

75 1393 201 1455 flectere
216 1395 243 1455 si
257 1412 378 1472 nequeo
393 1413 530 1472 superos,
546 1394 726 1454 Acheronta
739 1394 878 1455 movebo.
1067 1407 1083 1454 t

75 1510 140 1552 non
154 1491 280 1552 dabitur
293 1491 407 1567 regnis,
423 1497 499 1566 esto,
515 1491 680 1568 prohibere
694 1490 819 1551 Latinis

76 1594 170 1666 atque
184 1588 315 1648 immota
328 1593 434 1647 manet
448 1587 525 1648 fatis
541 1587 674 1647 Lavinia
687 1587 839 1646 coniunx:

76 1685 247 1745 attrahere
262 1690 356 1763 etque
370 1703 472 1744 moras
487 1683 585 1744 tantis
600 1684 674 1743 licet
688 1684 802 1743 addere
816 1684 918 1760 rebus,

76 1786 110 1841 at
124 1781 198 1842 licet
213 1781 373 1842 amborum
388 1781 520 1858 populos
535 1780 716 1840 exscindere
730 1799 847 1857 regum.

76 1877 136 1938 hac
150 1896 244 1954 gener
259 1882 353 1955 atque
368 1895 454 1937 socer
467 1881 578 1937 coeant
592 1877 732 1937 mercede
747 1896 881 1937 suorum.
1053 1890 1084 1938 1⁰

77 1973 228 2050 sanguine
242 1973 377 2034 Troiano
392 1978 424 2033 et
438 1973 557 2033 Rutulo
572 1973 728 2049 dotebere,
743 1972 841 2051 virgo,

77 2076 110 2131 et
123 2071 256 2132 Bellona
268 2076 375 2130 menet
389 2075 420 2130 te
436 2069 585 2148 pronubo

75 2287 95 2338 J
95 2301 150 2338 uno
158 2301 297 2338 summoue
305 2287 352 2338 the
363 2288 438 2351 Fury
448 2286 545 2338 Alecto
555 2286 627 2337 from
639 2287 686 2337 the
696 2286 779 2338 lower
787 2287 872 2338 world
880 2287 935 2339 and
943 2288 1026 2342 sende
1033 2289 1083 2341 her

76 2375 105 2421 to
117 2370 193 2421 instil
203 2370 253 2420 her
263 2370 358 2433 poison
369 2371 427 2421 into
438 2370 548 2430 Amata,
560 2369 623 2420 wife
634 2369 664 2420 of
675 2370 798 2433 Latinus,
812 2386 863 2423 vu.
875 2372 1000 2424 320-358.

77 2511 186 2574 Amata,
197 2513 282 2564 under
291 2513 334 2564 tlte
347 2512 447 2576 Fury'o
458 2512 599 2576 influcoce,
611 2513 748 2564 addreoccs
757 2514 882 2576 Latinus,
894 2529 946 2564 vn.
956 2514 1079 2566 eoo-372.

78 2652 307 2714 ‘Exsulibusnc
321 2653 414 2713 datur
429 2653 572 2713 ducenda
585 2652 720 2713 Lavinia
733 2653 872 2730 Teucris,

76 2768 95 2810 o
109 2749 256 2827 genitor?
278 2769 336 2810 nec
350 2756 382 2810 te
396 2750 524 2811 miseret
537 2755 690 2828 nataeque
704 2750 841 2828 tuique?

76 2864 134 2907 nec
147 2846 257 2909 metris
272 2847 407 2922 miseret,
423 2860 518 2925 quam
532 2847 634 2924 primo
648 2846 794 2925 aquilone
810 2846 967 2926 relinquet
1054 2862 1083 2908 15

77 2942 217 3023 perfidus
231 2944 297 3006 elta
310 2950 420 3023 petens
435 2943 571 3003 abducta
585 2943 706 3018 virgine
720 2944 862 3021 praedo?

115 3144 137 3189 1.
157 3140 292 3199 incusum,
309 3143 421 3189 untned.
453 3143 476 3187 2.
497 3152 575 3201 quoe,
588 3143 650 3188 toto.
680 3144 703 3189 6.
723 3142 1082 3200 nondebltur,1otaltnot

78 3208 106 3256 tc
126 3209 191 3256 able.
223 3211 258 3255 10.
278 3212 382 3265 coeant,
405 3222 489 3265 caree.
522 3211 557 3255 10.
578 3208 711 3266 mercede,
730 3214 809 3269 prece.
841 3215 876 3257 11.
897 3210 1082 3269 dotatarum

77 3277 199 3323 dmcered.
236 3278 271 3322 12.
292 3275 412 3334 Bellona,
434 3279 511 3324 sister
537 3279 564 3323 oi
589 3278 666 3324 More.
704 3280 740 3324 12.
761 3278 893 3337 pronuba,
916 3281 1080 3328 bmdccntaid.

77 3344 113 3454 ³5.
133 3340 221 3401 primo
238 3341 373 3402 arnono,
390 3350 417 3391 ct
436 3346 478 3392 tte
491 3347 553 3403 stret
571 3345 662 3392 treczc.
692 3347 729 3392 16.
748 3344 859 3404 proedo,
875 3348 974 3407 roobec,
990 3349 1082 3397 adven·

89 3421 157 3457 uror.
