2484 3876
116 205 255 272 mersa]
389 203 463 254 nnn
488 202 604 256 sronr
627 203 673 256 or
696 202 849 256 rursus,

115 369 169 429 ille
185 368 280 429 simul
294 369 419 444 fugiens
434 369 570 429 Rutulos
585 368 679 429 simul
693 368 835 446 increpat
850 368 960 443 omnis,

115 466 241 525 nomine
256 484 411 543 quemque
425 483 549 541 vocans,
564 471 735 543 notumque
750 465 901 540 efflagitat
916 483 1031 526 ensem.

116 563 241 623 Aeneas
255 568 387 623 mortem
401 567 509 622 contra
522 580 731 640 praesensque
746 562 885 621 minatur

116 659 259 734 exitium,
275 659 302 720 si
316 659 482 736 quisquam
492 660 597 734 adeat,
612 663 771 736 terretque
786 659 962 736 trementis,
1155 739 1158 745 .

116 757 295 816 excisurum
309 756 417 815 urbem
431 755 591 831 minitans,
608 761 640 815 et
655 756 778 816 saucius
794 756 901 817 instat.
1108 765 1124 814 o

117 853 257 931 quinque
272 852 355 912 orbis
370 851 499 929 explent
513 871 606 912 cursu
620 853 815 930 totidemque
829 859 977 914 retexunt

116 951 179 1009 huc
193 949 286 1026 illuc3
308 967 410 1026 neque
424 949 507 1007 enim
523 948 606 1008 levia
620 954 675 1009 aut
690 949 812 1010 ludicra
826 956 977 1028 petuntur

116 1046 265 1126 praemia,
282 1047 335 1106 sed
350 1046 449 1104 Turni
463 1046 502 1105 de
517 1045 585 1104 vita
598 1051 631 1105 et
645 1046 797 1122 sanguine
811 1053 941 1108 certant.

117 1144 201 1203 forte
216 1161 302 1203 sacer
316 1143 424 1201 Fauno
438 1142 525 1202 foliis
540 1142 672 1202 oleaster
688 1144 802 1205 amaris

117 1240 169 1299 hic
184 1243 325 1313 steterat,
340 1238 446 1298 nautis
461 1238 536 1298 olim
551 1239 729 1300 venerabile
744 1239 875 1317 lignum,
1095 1252 1126 1302 10

118 1335 236 1397 servati
251 1354 289 1394 ex
303 1335 397 1395 undis
411 1335 466 1395 ubi
480 1334 575 1411 figere
590 1336 672 1396 dona
686 1336 829 1398 solebant

118 1431 270 1492 Laurenti
285 1431 358 1491 divo
372 1437 404 1491 et
418 1437 508 1492 rotas
524 1433 714 1510 suspendere
728 1439 850 1510 vestes3

118 1530 174 1590 sed
189 1528 319 1605 stirpem
334 1528 447 1587 Teucri
460 1528 548 1588 nullo
563 1529 744 1589 discrimine
759 1549 881 1591 sacrum

119 1625 321 1700 sustulerant,
336 1644 415 1703 puro
428 1630 464 1685 ut
478 1630 606 1703 possent
620 1644 802 1686 concurrere
816 1645 934 1706 campo.

118 1723 171 1783 hic
184 1722 278 1783 hasta
292 1721 417 1782 Aeneae
432 1722 544 1797 stabat,
559 1722 621 1782 huc
635 1722 772 1800 impetus
787 1723 875 1783 illam
1096 1736 1127 1785 15

118 1819 286 1894 detulerat,
300 1819 397 1879 fixam
412 1824 443 1878 et
457 1817 544 1879 lenta
558 1819 662 1879 radice
677 1820 812 1880 tenebat.

118 1916 263 1976 incubuit
276 1915 438 1993 voluitque
452 1934 548 1975 manu
562 1915 735 1976 convellere
749 1915 869 1976 ferrum

119 2013 317 2073 Dardanides
332 2012 457 2089 teloque
472 2012 570 2089 sequi,
586 2031 679 2090 quem
694 2013 847 2090 prendere
861 2032 955 2075 cursu

119 2129 183 2169 non
197 2114 328 2187 poterat.
370 2113 439 2168 tum
453 2127 527 2168 vero
542 2127 649 2168 amens
664 2108 832 2169 formidine
847 2111 972 2172 Turnus

120 2208 254 2281 ‘Fauna
265 2224 382 2283 precor,
392 2205 556 2266 miserere'
567 2205 680 2283 inquit,
694 2210 809 2284 ‘tuque
820 2206 941 2284 optima
950 2208 1069 2268 ferrum
1097 2219 1128 2270 a)

120 2305 218 2363 Terra
231 2308 311 2378 tene,
327 2300 409 2362 colui
423 2307 545 2362 vestros
560 2301 588 2362 si
602 2320 724 2379 semper
738 2302 881 2379 honores,

120 2419 198 2477 quos
212 2405 322 2459 contra
335 2399 502 2458 Aeneadae
517 2397 600 2458 bello
614 2399 716 2458 fecere
731 2399 901 2477 profanos!

120 2495 203 2555 dixit
217 2513 368 2573 opemque
383 2494 434 2554 dei
447 2513 510 2554 non
524 2513 613 2555 cassa
626 2495 661 2554 in
674 2500 749 2555 rota
762 2496 896 2556 vocavit.

120 2610 255 2669 namque
268 2591 324 2651 diu
337 2590 461 2652 luctans
475 2591 623 2669 lentoque
637 2590 672 2650 in
687 2592 784 2670 stirpe
799 2598 939 2656 moratus

119 2689 240 2749 viribus
254 2688 339 2748 haud
354 2687 428 2749 ullis
443 2686 544 2748 valuit
559 2688 733 2749 discludere
748 2707 869 2750 morsus
1097 2703 1128 2752 ao

120 2785 239 2846 roboris
253 2785 386 2846 Aeneas.
429 2785 504 2844 dum
517 2784 632 2844 nititur
646 2803 716 2844 acer
730 2790 762 2845 et
776 2785 884 2864 instat,

120 2902 228 2943 rursus
243 2881 277 2941 in
291 2881 417 2958 aurigae
431 2881 546 2941 faciem
559 2886 682 2941 mutata
695 2881 822 2942 Metisci

120 2978 276 3057 procurrit
289 2976 444 3056 fratrique
459 2995 566 3038 ensem
581 2978 639 3038 dea
652 2978 778 3040 Daunia
791 2978 903 3040 reddit

121 3075 205 3154 quod
218 3076 324 3136 Venus
339 3073 450 3134 audaci
464 3074 623 3153 nymphae
636 3073 802 3151 indignata
814 3073 910 3137 licere

157 3246 181 3292 2.
201 3243 341 3305 efflagitat,
361 3245 423 3292 calle
437 3245 493 3302 sor.
523 3245 546 3291 9.
567 3243 694 3301 oleaster,
715 3245 781 3293 olive
802 3251 862 3294 trec.
892 3247 929 3294 16.
950 3245 1034 3305 lenta,
1057 3253 1127 3296 tenc·

120 3314 305 3372 ciocapliont.
335 3314 372 3359 21.
394 3310 475 3368 colui,
486 3312 552 3370 kept,
564 3314 698 3370 recorded.
728 3315 766 3360 23.
787 3317 958 3370 ommate.
986 3316 1023 3362 29.
1044 3315 1124 3374 quod,

120 3382 279 3441 utercupon.
310 3382 348 3428 29.
369 3378 461 3437 licere,
472 3381 515 3428 the
526 3381 573 3428 ini.
583 3381 695 3440 depende
705 3394 739 3428 on
748 3379 898 3441 indiacum.
