2484 3876
77 180 199 250 98-145.]
350 183 424 232 THE
448 182 565 234 STORY
588 183 634 234 OF
657 184 811 236 TURNUS.
1042 187 1081 247 17

81 347 231 397 Turrensis
250 347 404 397 undeunted
422 347 453 408 be
472 348 525 397 this
542 349 653 399 miruole
670 349 726 399 ond
742 350 836 399 rellies
852 349 895 399 tu
912 363 973 400 meo
990 354 1017 400 to
1037 349 1081 400 the

77 429 175 489 auare,
189 442 228 477 rx.
244 427 366 478 rar-165.

117 577 305 656 Obstipuere
319 577 432 639 animis
447 579 570 656 Rutuli,
585 579 773 640 conterritus
787 579 857 658 ipse

76 674 211 734 turbatis
225 676 390 753 Messapus
406 675 503 752 equis,
518 681 681 735 cunctatur
696 682 728 736 et
742 677 843 736 amnis

76 790 172 831 rauca
185 789 298 832 sonans
314 776 500 848 revocatque
515 772 626 850 pedem
640 773 807 834 Tiberinus
822 773 861 834 ab
874 771 948 835 alto.

76 873 110 927 at
124 886 187 926 non
201 867 311 927 audaci
326 869 431 926 Turno
445 867 561 928 fiducia
574 869 687 945 cessit;

75 963 161 1023 ultro
175 963 295 1024 animos
310 963 395 1023 tollit
409 963 502 1025 dictis
517 969 611 1041 atque
625 965 768 1044 increpat
781 965 884 1026 ultro:
1064 977 1079 1022 1

77 1059 245 1120 ‘Troianos
259 1060 335 1119 haec
349 1066 489 1120 monstra
503 1066 623 1138 petunt,
638 1061 688 1122 his
703 1062 849 1141 iuppiter
863 1063 932 1140 ipse

76 1156 230 1216 auxilium
246 1156 373 1216 solitum
387 1157 511 1235 eripuit,
527 1176 590 1216 non
604 1158 669 1218 tela
682 1176 782 1236 neque
796 1160 884 1235 ignes

75 1257 262 1330 exspectant
276 1253 419 1313 Rutulos.
463 1271 535 1328 ergo
549 1254 649 1313 maria
663 1255 750 1315 invia
764 1256 893 1316 Teucris

75 1368 134 1409 nec
149 1367 219 1427 spes
234 1348 300 1408 ulla
313 1350 426 1425 fugae:
448 1368 551 1409 rerum
565 1369 638 1428 pars
653 1351 756 1411 altera
767 1352 914 1430 adempta
927 1358 985 1428 est,

75 1452 161 1506 terra
175 1451 280 1505 autem
295 1446 328 1504 in
342 1446 457 1507 nostris
472 1447 633 1524 manibus3
656 1454 704 1508 tot
718 1448 815 1524 milia,
831 1454 939 1525 gentes
1050 1461 1080 1509 10

75 1561 164 1602 arma
177 1543 284 1601 ferunt
298 1542 408 1602 Italae.
451 1543 497 1601 nil
511 1562 561 1602 me
576 1544 688 1603 fatalia
701 1550 830 1621 terrent,

76 1639 105 1699 si
119 1656 182 1715 qua
195 1638 337 1716 Phryges
352 1657 426 1717 prae
441 1657 474 1698 se
488 1639 615 1715 iactant,
630 1659 780 1719 responsa
793 1642 938 1702 deorum:

76 1740 126 1795 sat
140 1735 216 1795 fatis
230 1735 407 1812 Venerique
422 1736 539 1812 datum,
554 1737 686 1813 tetigere
701 1738 784 1815 quod
798 1756 873 1798 arva

75 1831 194 1891 fertilis
208 1831 366 1891 Ausoniae
380 1833 485 1892 Troes.
529 1839 603 1893 sunt
617 1839 649 1892 et
662 1853 732 1894 mea
745 1840 854 1894 contra

74 1929 145 1987 fata
157 1928 245 2002 mihi,
260 1928 344 1987 ferro
359 1929 540 1989 sceleratam
556 1929 737 1990 exscindere
751 1936 885 2007 gentem,
1052 1944 1081 1991 11

67 2021 206 2099 'coniuge
222 2030 394 2102 praerepta,
410 2043 466 2084 nec
481 2026 563 2086 solos
578 2027 681 2103 tangit
695 2026 825 2087 Atridas

74 2120 137 2180 iste
152 2120 240 2180 dolor
252 2110 392 2198 ¹solisque
406 2121 481 2181 licet
495 2141 604 2200 capere
619 2141 706 2182 arma
719 2123 871 2200 Mycenis.

76 2217 168 2276 “Sed
183 2217 313 2295 periisse
329 2218 424 2277 semel
440 2218 517 2278 satis
532 2224 581 2278 est
593 2241 599 2278 :
612 2220 630 2250 ''
646 2237 773 2296 peccare
788 2219 903 2280 fuisset

75 2319 149 2374 ante
164 2314 250 2388 satie,
265 2314 391 2391 penitus
406 2315 498 2373 modo
512 2333 595 2374 nunc
609 2334 706 2391 genus
722 2335 812 2374 omne
827 2335 952 2393 perosos

74 2410 256 2469 femineum.
299 2411 412 2487 quibus
427 2411 503 2470 haec
518 2412 614 2470 medii
628 2411 743 2471 fiducia
756 2411 835 2471 valli
1050 2424 1081 2471 ao

75 2507 293 2584 fossarumque
307 2525 420 2582 morae,
435 2506 493 2565 leti
507 2507 689 2568 discrimina
703 2528 808 2587 parva,

76 2603 153 2663 dant
167 2603 295 2663 animos.
338 2609 372 2663 at
386 2622 449 2663 non
463 2603 611 2664 viderunt
624 2605 749 2665 moenia
762 2604 874 2666 Troiae

75 2699 218 2777 Neptuni
231 2699 385 2759 fabricata
397 2718 493 2762 manu
507 2700 668 2761 considere
682 2701 716 2760 in
729 2702 839 2776 ignis?

76 2796 131 2855 sed
144 2815 209 2870 vos,
225 2814 243 2854 0
257 2796 340 2870 lecti,
355 2797 439 2855 ferro
454 2796 524 2873 quis
540 2797 681 2858 scindere
696 2797 816 2858 vallum

75 2897 207 2969 apparat
221 2897 253 2950 et
266 2911 386 2951 mecum
402 2892 525 2952 invadit
539 2894 733 2972 trepidantia
746 2896 874 2956 castra?
1049 2908 1080 2954 25

113 3092 136 3136 4.
156 3087 264 3147 fiducia,
285 3091 436 3150 condecere.
477 3091 500 3136 9.
520 3101 613 3138 rerum
637 3102 712 3150 pare,
733 3104 858 3139 resource.
898 3093 935 3139 16.
957 3091 1077 3154 coniuge,

74 3157 190 3206 LavinIa.
229 3159 265 3204 16.
286 3156 406 3214 Atridas,
418 3158 549 3205 Menelaus
565 3160 616 3205 and
631 3161 816 3218 Agamemnon.
857 3161 893 3208 18.
914 3171 1036 3218 peccare,
1054 3167 1078 3208 to

74 3228 126 3273 ein.
156 3227 193 3272 18.
210 3223 326 3273 1111111.
340 3259 346 3271 .
359 3223 454 3279 11111,
467 3227 558 3271 eleccio
569 3227 632 3274 hove
644 3228 705 3274 been
716 3228 826 3285 enough.
857 3231 893 3274 19.
910 3227 988 3275 modo
998 3239 1077 3286 nuno,

70 3295 143 3351 from
163 3295 219 3340 thot
240 3296 301 3340 time
321 3306 363 3339 οη.
404 3296 440 3339 19.
461 3295 699 3352 permeatorem.
738 3297 775 3341 21.
794 3293 939 3352 toronum,
957 3296 1080 3345 trencher.

74 3362 111 3407 21.
133 3358 299 3418 discrimina,
311 3362 466 3418 separation.
