2484 3876
116 193 136 252 6
456 188 611 241 venem
634 189 778 240 Annms.
948 189 1119 256 [1300an

116 352 241 413 Allecto
254 359 377 422 torrem
390 352 506 412 faciem
520 356 553 413 et
566 351 696 412 furialia
708 353 848 413 membre

116 450 222 526 exuit3
245 448 280 508 in
293 449 402 509 vultus
418 467 485 510 sese
499 449 705 508 transformat
719 448 819 509 aniles

117 553 149 607 et
162 547 300 606 frontem
315 547 482 607 obscenam
496 545 584 622 rugis
599 551 683 623 erat3
705 546 812 606 induit
824 546 913 608 albos

116 661 187 703 cum
201 643 285 703 vitta
298 642 411 718 crinis3
432 648 502 702 tum
515 661 637 702 ramum
652 642 787 702 innectit
800 643 902 704 olivae
910 666 919 720 ;

116 738 154 798 fit
168 738 286 817 Calybe
301 738 432 799 Iunonis
447 757 525 799 enus
540 738 717 816 templique
731 740 875 800 sacerdos

117 841 149 895 et
163 835 270 895 iuveni
284 839 358 895 ante
372 835 477 895 oculos
490 834 542 895 his
557 854 590 896 se
604 853 675 895 curn
689 836 819 896 vocibus
833 836 942 897 offert:

118 935 127 967 ‘
135 932 248 1006 Turne,
263 937 313 991 tot
326 931 484 992 incessum
498 932 587 992 fusos
601 931 721 1009 patiere
735 931 866 1009 labores,

117 1034 150 1088 et
162 1033 219 1088 tua
232 1028 401 1088 Dardaniis
416 1028 584 1088 transcribi
598 1034 721 1105 sceptra
734 1028 879 1090 colonis?

117 1143 174 1185 rex
186 1124 246 1185 tibi
260 1124 441 1201 coniugium
455 1130 489 1184 et
502 1125 662 1202 quaesitas
677 1126 829 1202 sanguine
844 1126 933 1188 dotes
979 1172 981 1175 ψ

118 1221 251 1298 abneget
265 1227 476 1299 externusque
490 1221 524 1280 in
538 1240 669 1296 regnum
684 1223 845 1300 quaeritur
858 1221 957 1283 heres.
1093 1236 1126 1283 10

117 1317 129 1378 i
143 1336 235 1393 nunc,
250 1317 383 1394 ingratis
398 1318 476 1377 offer
489 1323 531 1392 tc,
546 1317 652 1392 incise,
667 1318 811 1395 periclis3

118 1414 307 1494 Tyrrhenas,
322 1414 343 1490 i,
358 1420 462 1474 sterne
476 1414 567 1489 acies,
583 1419 654 1490 tege
669 1432 745 1492 poce
759 1416 898 1476 Latinos.

118 1511 194 1571 haec
209 1511 286 1571 adeo
299 1510 359 1570 tibi
372 1529 431 1585 me,
446 1511 571 1588 placide
585 1530 656 1571 cum
669 1517 760 1571 nocte
774 1511 900 1589 iaceres,

118 1607 189 1686 ipse
202 1606 307 1685 palam
320 1606 383 1667 fari
398 1607 595 1685 omnipotens
611 1607 760 1668 Saturnia
773 1608 875 1669 iussit.

119 1722 215 1783 quare
229 1721 286 1780 age
300 1708 332 1764 et
347 1703 462 1764 ermari
475 1703 591 1781 pubem
604 1703 766 1782 portisque
780 1704 901 1766 moveri
1093 1721 1123 1766 15

119 1800 220 1861 lectus
234 1800 269 1859 in
283 1818 370 1860 arma
383 1799 456 1860 iube
470 1805 502 1859 et
515 1799 673 1879 Phrygios
687 1801 742 1878 qui
755 1801 885 1862 flumine
899 1803 1032 1881 pulchro

118 1897 286 1959 consedere
300 1897 395 1957 duces
410 1896 573 1975 pictasque
588 1915 682 1957 exure
697 1897 826 1958 carinas.

119 1994 289 2055 coelestum
304 1993 352 2054 vis
366 2012 481 2069 magna
493 1993 587 2053 iubet.
631 2012 687 2053 rex
700 1993 768 2072 ipse
782 1995 924 2073 Latinus,

120 2091 154 2150 ni
169 2091 243 2151 dere
257 2090 437 2166 coniugium
452 2096 485 2150 et
499 2091 584 2150 dicto
597 2109 706 2168 parere
720 2090 849 2169 fatetur,

120 2187 237 2249 sentiat
250 2192 282 2247 et
297 2188 424 2247 tandem
438 2189 579 2247 Turnum
593 2186 773 2265 experiatur
787 2188 822 2248 in
836 2189 952 2251 armis?
1093 2204 1125 2250 2⁰

160 2284 223 2344 Hic
238 2283 370 2359 iuvenis,
384 2290 489 2344 vatem
502 2283 653 2360 inridens,
669 2284 713 2344 sic
728 2303 799 2346 orsa
812 2278 953 2347 vicissim

120 2398 173 2441 ore
186 2381 300 2441 refert:
324 2385 333 2417 ‘
341 2381 451 2441 classis
465 2380 607 2440 invectas
621 2380 794 2459 Thybridis
808 2383 925 2443 undam

119 2495 192 2553 non,
207 2482 244 2537 ut
256 2495 333 2553 rere,
348 2496 433 2538 meas
449 2476 561 2553 effugit
574 2476 704 2538 nuntius
718 2478 811 2539 auris.

120 2592 160 2634 ne
173 2579 279 2635 tentos
293 2574 373 2633 mihi
387 2573 470 2650 finge
484 2579 602 2650 metus3
624 2592 682 2634 neo
696 2574 782 2651 regia
795 2576 876 2636 Iuno

120 2670 284 2731 immernor
297 2676 346 2731 est
359 2670 468 2730 nostri.

121 2767 177 2828 sed
190 2772 222 2828 te
236 2766 322 2826 victa
335 2766 399 2827 situ
412 2766 542 2844 verique
556 2767 652 2828 effeta
666 2774 818 2845 senectus,

111 2969 113 2974 ’
159 2961 181 3009 1.
199 2958 313 3008 furiens
322 2960 683 3021 membre,fomcfanry.
713 2963 736 3008 2.
752 2961 836 3020 exuit,
848 2963 903 3011 laid
917 2966 996 3013 acide.
1027 2968 1049 3012 2.
1064 2965 1123 3014 ani·

120 3027 171 3086 lu,
187 3028 229 3075 old
243 3030 374 3075 wotnan’s.
405 3030 428 3074 3.
448 3027 534 3088 rugis,
550 3029 679 3077 wrinkles.
710 3032 733 3076 5.
754 3029 859 3088 calybs
875 3033 998 3090 priestess
1012 3035 1040 3080 01
1054 3035 1123 3081 duno

121 3109 216 3155 among
239 3096 283 3143 the
307 3096 452 3143 Rutuliens.
488 3099 511 3142 5.
530 3107 608 3153 enus,
626 3111 662 3144 ao
683 3097 726 3144 old
745 3111 855 3146 woman.
885 3102 908 3147 7.
928 3099 1123 3157 incassumve

121 3167 192 3213 coin.
222 3165 245 3210 9.
266 3161 455 3221 coronavero.
487 3166 523 3210 11.
544 3162 937 3225 Inrisc‚thoulau9dinq-stoclc.
968 3171 1005 3215 21.
1020 3173 1121 3226 vatem,

118 3232 273 3292 prophetent.
304 3233 341 3277 22.
362 3230 821 3292 clusisinvectu,ttotafleetdos
831 3238 941 3283 entered.
972 3239 1008 3284 23.
1027 3248 1120 3285 rere:

121 3300 195 3348 reric.
225 3301 263 3347 26.
283 3296 359 3346 vista
374 3297 430 3346 situ
444 3297 556 3357 verique
571 3299 658 3348 effeta
672 3303 806 3358 numus,
817 3303 926 3362 chicce,
938 3307 1122 3364 conquerentes

122 3367 231 3415 talentu
241 3368 295 3414 ond
304 3368 494 3426 compositores
498 3369 546 3424 for
555 3369 635 3414 eroth.
