2484 3876
34 185 285 254 .898-915,1-32.]
330 185 404 236 ΤΗΕ
428 184 546 237 STORY
568 185 614 236 OF
637 186 791 238 TURNUS.

54 349 218 408 excutiens
233 349 352 408 cervice
367 354 450 408 toros
464 349 625 425 fixumque
640 349 773 408 latronis

54 446 235 523 impavidus
250 445 370 520 frangit
383 445 480 504 telum
497 452 528 504 et
542 445 652 504 fremit
666 464 718 504 ore
733 451 877 507 cruento:

54 543 142 602 haud
157 561 245 602 secus
260 560 388 602 accenso
403 542 509 616 gliscit
523 542 675 602 violentia
688 545 803 601 Turno.

54 645 124 698 tum
140 639 185 698 sic
199 638 327 698 adfatur
341 656 445 712 regem
460 643 554 714 atque
568 639 615 699 ita
627 639 772 698 turbidus
787 639 875 698 infit:

56 736 174 794 ‘Nulla
188 754 274 794 mora
288 734 322 792 in
335 737 458 810 Turn03
481 735 563 793 nihil
578 742 634 810 est,
651 736 735 812 quod
749 735 835 795 dicta
848 740 1020 796 retractent
1047 747 1062 795 0

55 832 164 906 ignavi
178 832 355 906 Aeneadae,
371 850 427 890 nec
441 850 521 908 quae
535 833 682 909 pepigere
696 837 856 892 recusent:

55 929 248 1004 congredior.
291 930 340 987 fer
355 928 451 1002 sacra,
467 933 565 1005 pater,
581 934 612 988 et
627 929 754 1006 concipe
769 929 889 988 foedus.

56 1031 113 1085 aut
127 1025 185 1084 hac
200 1025 396 1084 Dardanium
411 1026 523 1084 dextra
538 1026 594 1085 sub
608 1027 740 1085 Tartara
753 1026 887 1101 mittam,

56 1123 247 1182 desertorem
263 1122 366 1196 Asiae,
385 1121 528 1199 (sedeant
543 1127 745 1199 spectentque
760 1122 881 1204 Latini)

56 1224 89 1276 et
105 1218 189 1277 solus
204 1218 288 1276 ferro
303 1218 419 1278 crimen
434 1237 597 1278 commune
611 1219 765 1292 refellam,
1034 1231 1063 1278 10

57 1320 113 1372 aut
126 1313 241 1373 habeat
255 1314 364 1388 victos,
379 1315 470 1374 cedat
484 1314 619 1374 Lavinia
632 1315 787 1374 coniunx!

99 1410 164 1471 Olli
179 1411 287 1470 sedato
301 1411 462 1488 respondit
476 1411 568 1470 corde
583 1411 732 1471 Latinus&

58 1507 104 1568 ‘0
119 1513 281 1584 praestans
297 1507 394 1567 animi
408 1508 541 1581 iuvenis,
557 1513 709 1584 quantum
724 1509 792 1585 ipse
806 1509 904 1568 feroci

57 1605 177 1663 virtute
192 1623 370 1681 exsuperas
386 1610 475 1664 tanto
489 1623 539 1663 me
553 1605 727 1682 impensius
742 1624 876 1681 aequum
890 1611 939 1666 est

57 1701 220 1761 consulere
235 1706 329 1778 atque
344 1701 444 1761 omnis
460 1707 650 1760 metuentem
666 1702 840 1778 expendere
855 1721 954 1762 casus.
1034 1715 1062 1763 15

58 1804 134 1858 sunt
148 1797 207 1857 tibi
221 1816 318 1872 regna
331 1799 430 1874 patris
444 1798 559 1872 Dauni,
575 1803 648 1857 sunt
662 1798 779 1875 oppida
792 1805 884 1876 capta

57 1894 160 1953 multa
174 1913 277 1968 manu,
293 1913 349 1953 nec
364 1913 427 1953 non
441 1913 612 1971 aurumque
627 1895 811 1972 animusque
825 1895 940 1955 Latino
955 1901 1012 1956 est.

58 1996 134 2052 sunt
148 1991 227 2050 aliae
242 1991 394 2068 innuptae
408 1991 500 2050 Latio
515 1996 547 2049 et
561 1991 771 2051 Laurentibus
786 1992 879 2067 arvis,

57 2107 115 2147 nec
131 2106 227 2162 genus
242 2087 411 2148 indecores.
455 2087 523 2147 sine
537 2106 586 2146 me
600 2087 676 2146 haec
691 2087 776 2147 haud
789 2088 898 2148 mollia
910 2095 981 2150 fatu

57 2184 192 2246 sublatis
207 2183 328 2261 aperire
343 2184 433 2259 dolis,
449 2183 543 2244 simul
556 2184 616 2242 hoc
631 2184 735 2243 animo
748 2185 856 2244 hauri:
1033 2197 1062 2244 10

57 2301 108 2341 me
123 2287 229 2340 natam
244 2280 325 2339 nulli
339 2287 479 2339 veterum
495 2280 611 2340 sociare
626 2299 791 2357 procorum

56 2379 107 2438 fas
123 2384 199 2451 erat,
214 2377 309 2455 idque
324 2396 431 2436 omnes
445 2377 573 2454 dirique
588 2377 792 2454 hominesque
806 2378 966 2439 canebant

56 2475 160 2534 victus
176 2493 279 2533 amore
294 2472 351 2547 tui,
366 2478 497 2548 cognato
513 2473 664 2549 sanguine
680 2473 792 2549 victua,

57 2571 199 2646 coniugis
214 2576 247 2630 et
261 2576 397 2630 maestae
412 2570 559 2645 lacrimis,
574 2570 680 2630 vincla
693 2571 799 2631 omnia
812 2571 899 2648 rupi:

56 2667 244 2745 promissam
259 2667 360 2744 eripui
374 2686 495 2743 genero,
512 2686 598 2727 arma
611 2667 710 2744 impia
724 2668 853 2744 sumpsi.
1032 2683 1061 2730 21

56 2783 96 2824 ex
110 2764 167 2823 illo
181 2764 236 2841 qui
250 2782 300 2822 me
314 2782 413 2839 casus,
429 2783 517 2842 quae,
532 2766 646 2839 Turne,
661 2769 833 2842 sequantur

96 2961 118 3005 1.
138 2959 456 3015 teroe‚muscles,sinewe.
487 2959 509 3004 3.
531 2956 631 3018 gliscit,
641 2958 724 3006 blatea
735 2973 778 3017 up.
808 2960 830 3008 5.
849 2956 1061 3016 diete,Aeneae's

55 3027 198 3086 challenge.
234 3029 256 3073 6.
276 3025 411 3086 pepigere,
434 3027 526 3084 agreed
545 3040 623 3083 upon.
660 3029 682 3073 7.
703 3030 792 3084 peter,
813 3027 928 3074 Latinus.
965 3030 1001 3074 10.
1021 3039 1062 3076 re·

55 3093 162 3150 sellem,
180 3096 273 3152 refuto.
305 3097 340 3141 11.
360 3093 456 3149 victos,
472 3107 507 3140 sc.
524 3107 578 3140 noe.
608 3096 644 3140 14.
664 3092 823 3152 impensius,
839 3109 908 3142 more
925 3097 1060 3155 earneetly.

56 3166 92 3211 15.
112 3162 272 3220 expendere,
295 3163 337 3218 lay
360 3163 452 3220 before.
483 3164 518 3207 15.
539 3172 628 3217 cesus,
650 3163 754 3209 chorico.
785 3165 821 3209 17.
841 3162 957 3220 enimus,
978 3165 1060 3212 leort.

55 3233 92 3278 20.
113 3229 230 3278 sublatis
243 3265 248 3275 .
263 3264 267 3274 .
282 3228 377 3285 eolis,
392 3229 514 3287 srankly.
549 3231 586 3276 20.
606 3228 696 3286 hauri,
715 3232 818 3288 receive,
835 3232 926 3289 judae.
963 3234 1000 3279 21.
1021 3242 1062 3280 10-

55 3297 138 3355 clere,
149 3299 396 3357 yiveinmam'aye.
427 3299 463 3342 21.
486 3307 638 3354 procorum
648 3299 751 3344 euicere.
781 3299 819 3344 20.
840 3297 1061 3359 prominentia

55 3367 194 3415 betrothed.
