2484 3876
109 158 252 226 415-467.]
387 156 461 206 THE
485 154 603 206 STORY
626 154 671 205 OF
694 154 848 206 TURNUS.

112 340 130 380 o
144 326 254 395 mater,
270 319 353 380 curis
367 318 559 396 nequiquam
573 322 698 378 exercet
713 322 745 377 et
759 335 847 377 arma

111 436 220 493 regum
234 417 318 477 inter
331 416 415 476 falsa
428 420 534 475 vatem
548 413 718 474 formidine
733 413 824 473 ludit.

111 532 188 573 cura
200 512 260 573 tibi
274 512 383 571 divum
398 510 514 587 effigies
529 515 560 570 et
574 509 694 587 templa
707 510 806 586 tueri3

110 609 195 670 bella
208 608 270 668 viri
284 626 455 687 pacemque
470 612 588 683 gerent,
604 607 675 684 quis
689 605 774 666 bella
788 605 943 682 gerenda'

152 705 282 766 Talibus
298 704 422 764 Allecto
437 703 531 763 dictis
546 703 665 763 exarsit
679 702 713 761 in
727 702 798 763 iras.
1101 717 1116 762 5
1175 703 1178 708 ’

112 808 146 863 at
160 802 267 862 iuveni
282 801 384 861 oranti
399 800 521 860 subitus
535 805 652 860 tremor
666 804 797 877 occupat
812 805 908 873 artus,

113 899 275 974 deriguere
289 897 388 957 oculi:
410 902 459 957 tot
472 896 589 974 Erinys
605 895 712 956 sibilat
725 896 837 974 hydris

112 1001 263 1073 tantaque
278 1013 310 1055 se
325 993 423 1054 facies
439 993 548 1071 aperit.
591 997 659 1052 tum
673 992 819 1053 flammea
831 998 982 1070 torquens

112 1092 233 1151 lumina
247 1095 446 1151 cunctantem
460 1095 492 1150 ct
506 1094 707 1167 quaerentem
722 1089 824 1149 dicere
838 1090 931 1166 plura

113 1187 252 1267 reppulit
266 1193 298 1248 et
312 1187 452 1264 geminos
468 1186 568 1246 erexit
582 1185 722 1246 crinibus
737 1186 848 1262 anguis

113 1285 302 1362 verberaque
316 1283 456 1344 insonuit
471 1282 642 1359 rabidoque
656 1281 733 1342 haec
748 1282 872 1342 addidit
885 1301 954 1343 cre:

114 1387 171 1441 ‘en
186 1399 243 1457 ego
256 1381 341 1440 victa
355 1380 427 1455 situ,
443 1398 538 1456 quam
552 1378 619 1438 veri
634 1379 728 1438 effeta
743 1385 886 1439 senectus

114 1496 200 1538 arma
213 1478 296 1537 inter
310 1495 418 1552 regum
432 1475 516 1536 falsa
530 1474 699 1534 formidine
713 1474 805 1535 ludit.

113 1574 232 1652 respice
247 1573 394 1633 adhaec:
417 1573 529 1632 adsum
543 1571 682 1631 dirarum
698 1572 736 1632 ab
751 1572 825 1632 sede
840 1590 988 1649 sororum,

113 1671 198 1732 bella
210 1690 306 1730 manu
320 1670 480 1747 letumque
495 1670 588 1745 gero!
1088 1683 1117 1729 15

114 1768 160 1830 sic
174 1768 269 1828 effata
282 1767 384 1826 facem
398 1765 507 1826 iuveni
521 1765 654 1826 coniecit
668 1770 701 1825 et
714 1770 784 1825 atro

114 1864 232 1923 lumine
247 1862 399 1923 fumantis
413 1861 485 1921 fixit
499 1861 557 1922 sub
570 1867 697 1939 pectore
711 1862 828 1923 taedas.

114 1961 169 2020 olli
184 1979 327 2020 somnum
341 1959 452 2035 ingens
466 1957 585 2036 rumpit
599 1977 696 2037 pavor
710 1977 841 2036 ossaque
856 1965 889 2019 et
901 1965 988 2022 artus

114 2057 256 2135 perfudit
269 2061 335 2116 toto
349 2061 519 2134 proruptus
535 2073 662 2133 corpore
677 2055 779 2116 sudor.

115 2173 200 2214 arma
214 2171 321 2213 amens
335 2151 453 2227 fremit,
470 2170 556 2211 arma
570 2157 639 2211 toro
652 2151 807 2229 tectisque
821 2152 963 2230 requirit,
1087 2167 1118 2213 ao

116 2237 216 2310 saevit
229 2267 315 2309 amor
329 2248 407 2308 ferri
422 2253 454 2308 et
468 2248 620 2308 scelerata
633 2247 757 2308 insania
770 2247 855 2323 belli,

115 2347 162 2407 ira
176 2366 285 2425 super:
308 2364 422 2422 magno
435 2345 536 2405 veluti
551 2363 621 2404 cum
635 2343 761 2404 flamma
777 2363 886 2405 sonore

115 2444 222 2520 virgea
236 2443 414 2519 suggeritur
428 2441 523 2503 costis
538 2441 690 2502 undantis
705 2441 775 2501 aeni

116 2540 338 2617 exsultantque
353 2545 441 2599 aestu
456 2539 575 2614 latices,
591 2538 672 2597 furit
685 2538 771 2598 intus
787 2546 880 2616 aquai

115 2636 256 2696 fumidus
271 2642 365 2714 atque
380 2635 442 2695 alte
457 2634 577 2713 spumis
591 2634 743 2695 exuberat
757 2635 868 2711 amnis,
1088 2651 1118 2698 ac

115 2751 172 2793 nec
186 2733 249 2792 iam
263 2751 296 2793 se
311 2732 396 2810 capit
409 2731 502 2807 unda,
516 2730 603 2791 volat
616 2749 714 2809 vapor
728 2737 796 2792 ater
809 2732 851 2792 ad
864 2751 964 2795 auras.

115 2848 189 2906 ergo
202 2829 263 2890 iter
276 2830 317 2889 ad
330 2846 435 2905 regem
448 2828 571 2905 polluta
584 2845 660 2905 pace
674 2827 823 2888 Latinum

152 3004 176 3048 4.
196 2998 400 3060 qun=quum.
429 3001 452 3046 7.
473 2996 628 3057 myctica
638 2997 721 3058 aurs.
752 3001 788 3046 11.
809 2998 1116 3061 verberaquoimonuit,

116 3069 223 3116 crackcd
247 3070 293 3116 her
318 3069 394 3126 whip.
431 3069 467 3114 16.
488 3066 585 3122 fecem,
605 3068 756 3124 stre-brand.
792 3069 829 3115 20.
850 3068 951 3126 fremit,
978 3072 1042 3119 calle
1060 3074 1115 3130 scr.

115 3139 152 3183 20.
172 3139 242 3192 toro,
258 3137 346 3184 ecurt.
376 3137 413 3182 22.
434 3133 543 3182 flamma
558 3133 662 3195 virgea,
679 3135 839 3183 trust-uoce
847 3139 904 3194 stre.
935 3139 972 3185 23.
993 3140 1117 3201 nuggerl-

115 3205 205 3261 tur,ia
215 3205 307 3264 placed
322 3205 410 3251 ander.
441 3205 478 3249 23.
500 3201 583 3250 coetis
597 3200 728 3249 undantia
743 3202 813 3259 uini,
825 3205 892 3251 eides
908 3206 939 3262 of
953 3219 969 3252 a
987 3210 1117 3270 cwinpiap

116 3272 201 3319 vercel.
237 3274 274 3319 24.
296 3270 403 3327 latices,
422 3278 510 3318 water.
540 3273 577 3317 24.
596 3268 812 3330 aquai=cquaa
848 3273 885 3319 25.
906 3273 1115 3334 eptimimsccm.

115 3342 152 3386 25.
169 3338 310 3395 exuberat,
320 3341 454 3398 ovcrfiowc.
483 3341 519 3387 w.
535 3337 644 3397 pollute
653 3349 728 3397 pace,
735 3352 813 3397 peace
820 3339 1112 3399 tavinpbcenuiclatect
