<?xml version="1.0" encoding="UTF-8"?>
<!DOCTYPE html PUBLIC "-//W3C//DTD XHTML 1.0 Transitional//EN"
    "http://www.w3.org/TR/xhtml1/DTD/xhtml1-transitional.dtd">
<html xmlns="http://www.w3.org/1999/xhtml" xml:lang="en" lang="en">
 <head>
  <title>
</title>
<meta http-equiv="Content-Type" content="text/html;charset=utf-8" />
  <meta name='ocr-system' content='tesseract 3.04.00' />
  <meta name='ocr-capabilities' content='ocr_page ocr_carea ocr_par ocr_line ocrx_word'/>
</head>
<body>
  <div class='ocr_page' id='page_1' title='image "./storyturnusfrom00virggoog_0033.png"; bbox 0 0 2484 3876; ppageno 0'>
   <div class='ocr_carea' id='block_1_1' title="bbox 121 188 860 256">
    <p class='ocr_par' dir='ltr' id='par_1_1' title="bbox 121 188 860 256">
     <span class='ocr_line' id='line_1_1' title="bbox 121 188 860 256; baseline 0.005 -18"><span class='ocrx_word' id='word_1_1' title='bbox 121 188 261 256; x_wconf 73' lang='lat' dir='ltr'><strong><em>nossa]</em></strong></span> <span class='ocrx_word' id='word_1_2' title='bbox 395 188 470 238; x_wconf 82' lang='lat' dir='ltr'><strong><em>rua</em></strong></span> <span class='ocrx_word' id='word_1_3' title='bbox 494 188 612 240; x_wconf 84' lang='lat' dir='ltr'><strong><em>sroar</em></strong></span> <span class='ocrx_word' id='word_1_4' title='bbox 635 188 681 239; x_wconf 84' lang='lat' dir='ltr'><strong><em>or</em></strong></span> <span class='ocrx_word' id='word_1_5' title='bbox 704 190 860 242; x_wconf 77' lang='lat' dir='ltr'><strong><em>roanos,</em></strong></span> 
     </span>
    </p>
   </div>
   <div class='ocr_carea' id='block_1_2' title="bbox 118 348 931 718">
    <p class='ocr_par' dir='ltr' id='par_1_2' title="bbox 118 348 931 718">
     <span class='ocr_line' id='line_1_2' title="bbox 118 348 814 428; baseline 0.006 -19"><span class='ocrx_word' id='word_1_6' title='bbox 118 348 184 411; x_wconf 92' lang='lat' dir='ltr'><strong><em>iam</em></strong></span> <span class='ocrx_word' id='word_1_7' title='bbox 199 349 263 411; x_wconf 90' lang='lat' dir='ltr'><strong><em>sole</em></strong></span> <span class='ocrx_word' id='word_1_8' title='bbox 277 349 394 426; x_wconf 87' lang='lat' dir='ltr'><strong><em>infuso,</em></strong></span> <span class='ocrx_word' id='word_1_9' title='bbox 410 350 473 410; x_wconf 90' lang='lat' dir='ltr'><strong><em>iam</em></strong></span> <span class='ocrx_word' id='word_1_10' title='bbox 488 350 579 411; x_wconf 89' lang='lat' dir='ltr'><strong><em>rebus</em></strong></span> <span class='ocrx_word' id='word_1_11' title='bbox 594 351 663 410; x_wconf 88' lang='lat' dir='ltr'><strong><em>luae</em></strong></span> <span class='ocrx_word' id='word_1_12' title='bbox 677 351 814 428; x_wconf 84' lang='lat' dir='ltr'><strong><em>retectis,</em></strong></span> 
     </span>
     <span class='ocr_line' id='line_1_3' title="bbox 118 447 931 528; baseline 0.005 -21"><span class='ocrx_word' id='word_1_13' title='bbox 118 449 246 507; x_wconf 87' lang='lat' dir='ltr'><strong><em>Turnus</em></strong></span> <span class='ocrx_word' id='word_1_14' title='bbox 260 447 294 506; x_wconf 93' lang='lat' dir='ltr'><strong><em>in</em></strong></span> <span class='ocrx_word' id='word_1_15' title='bbox 308 465 395 506; x_wconf 89' lang='lat' dir='ltr'><strong><em>arma</em></strong></span> <span class='ocrx_word' id='word_1_16' title='bbox 408 447 502 523; x_wconf 87' lang='lat' dir='ltr'><strong><em>viros,</em></strong></span> <span class='ocrx_word' id='word_1_17' title='bbox 518 448 613 508; x_wconf 91' lang='lat' dir='ltr'><strong><em>armis</em></strong></span> <span class='ocrx_word' id='word_1_18' title='bbox 628 447 838 510; x_wconf 81' lang='lat' dir='ltr'><strong><em>circumdatus</em></strong></span> <span class='ocrx_word' id='word_1_19' title='bbox 852 448 931 528; x_wconf 89' lang='lat' dir='ltr'><strong><em>ipse,</em></strong></span> 
     </span>
     <span class='ocr_line' id='line_1_4' title="bbox 118 543 839 621; baseline 0.004 -17"><span class='ocrx_word' id='word_1_20' title='bbox 118 543 262 619; x_wconf 76' lang='lat' dir='ltr'><strong><em>suscitat,</em></strong></span> <span class='ocrx_word' id='word_1_21' title='bbox 278 548 461 620; x_wconf 88' lang='lat' dir='ltr'><strong><em>aeratasque</em></strong></span> <span class='ocrx_word' id='word_1_22' title='bbox 476 543 557 604; x_wconf 87' lang='lat' dir='ltr'><strong><em>aoies</em></strong></span> <span class='ocrx_word' id='word_1_23' title='bbox 572 543 606 602; x_wconf 93' lang='lat' dir='ltr'><strong><em>in</em></strong></span> <span class='ocrx_word' id='word_1_24' title='bbox 619 544 740 621; x_wconf 91' lang='lat' dir='ltr'><strong><em>proelia</em></strong></span> <span class='ocrx_word' id='word_1_25' title='bbox 754 545 839 621; x_wconf 80' lang='lat' dir='ltr'><strong><em>cogit</em></strong></span> 
     </span>
     <span class='ocr_line' id='line_1_5' title="bbox 118 639 921 718; baseline 0.005 -18"><span class='ocrx_word' id='word_1_26' title='bbox 118 640 253 718; x_wconf 90' lang='lat' dir='ltr'><strong><em>quisque</em></strong></span> <span class='ocrx_word' id='word_1_27' title='bbox 268 658 340 700; x_wconf 90' lang='lat' dir='ltr'><strong><em>suas</em></strong></span> <span class='ocrx_word' id='word_1_28' title='bbox 353 639 514 717; x_wconf 83' lang='lat' dir='ltr'><strong><em>variisque</em></strong></span> <span class='ocrx_word' id='word_1_29' title='bbox 528 645 645 699; x_wconf 85' lang='lat' dir='ltr'><strong><em>aeuunt</em></strong></span> <span class='ocrx_word' id='word_1_30' title='bbox 658 640 834 703; x_wconf 89' lang='lat' dir='ltr'><strong><em>rumoribus</em></strong></span> <span class='ocrx_word' id='word_1_31' title='bbox 848 641 921 704; x_wconf 87' lang='lat' dir='ltr'><strong><em>iras.</em></strong></span> 
     </span>
    </p>
   </div>
   <div class='ocr_carea' id='block_1_3' title="bbox 115 851 1124 1080">
    <p class='ocr_par' dir='ltr' id='par_1_3' title="bbox 115 851 1124 1080">
     <span class='ocr_line' id='line_1_6' title="bbox 116 851 1124 916; baseline 0.006 -14"><span class='ocrx_word' id='word_1_32' title='bbox 116 852 177 903; x_wconf 79' lang='lat' dir='ltr'><strong><em>The</em></strong></span> <span class='ocrx_word' id='word_1_33' title='bbox 192 851 307 916; x_wconf 73' lang='lat' dir='ltr'><strong><em>&#39;lroians</em></strong></span> <span class='ocrx_word' id='word_1_34' title='bbox 323 866 368 904; x_wconf 86' lang='lat' dir='ltr'><strong><em>are</em></strong></span> <span class='ocrx_word' id='word_1_35' title='bbox 383 852 511 904; x_wconf 87' lang='lat' dir='ltr'><strong><em>horrifled</em></strong></span> <span class='ocrx_word' id='word_1_36' title='bbox 528 857 558 904; x_wconf 90' lang='lat' dir='ltr'><strong><em>at</em></strong></span> <span class='ocrx_word' id='word_1_37' title='bbox 573 853 620 904; x_wconf 92' lang='lat' dir='ltr'><strong><em>the</em></strong></span> <span class='ocrx_word' id='word_1_38' title='bbox 635 867 710 904; x_wconf 85' lang='lat' dir='ltr'><strong><em>news</em></strong></span> <span class='ocrx_word' id='word_1_39' title='bbox 723 853 753 905; x_wconf 82' lang='lat' dir='ltr'><strong><em>ot</em></strong></span> <span class='ocrx_word' id='word_1_40' title='bbox 768 854 815 905; x_wconf 89' lang='lat' dir='ltr'><strong><em>the</em></strong></span> <span class='ocrx_word' id='word_1_41' title='bbox 829 853 911 906; x_wconf 85' lang='lat' dir='ltr'><strong><em>death</em></strong></span> <span class='ocrx_word' id='word_1_42' title='bbox 926 855 956 907; x_wconf 82' lang='lat' dir='ltr'><strong><em>ot</em></strong></span> <span class='ocrx_word' id='word_1_43' title='bbox 971 856 1052 908; x_wconf 71' lang='lat' dir='ltr'><strong><em>Meus</em></strong></span> <span class='ocrx_word' id='word_1_44' title='bbox 1069 857 1124 908; x_wconf 87' lang='lat' dir='ltr'><strong><em>and</em></strong></span> 
     </span>
     <span class='ocr_line' id='line_1_7' title="bbox 116 934 1124 999; baseline 0.006 -14"><span class='ocrx_word' id='word_1_45' title='bbox 116 935 264 998; x_wconf 80' lang='lat' dir='ltr'>Euryalus,</span> <span class='ocrx_word' id='word_1_46' title='bbox 280 936 330 985; x_wconf 93' lang='lat' dir='ltr'><strong><em>but</em></strong></span> <span class='ocrx_word' id='word_1_47' title='bbox 345 935 521 999; x_wconf 80' lang='lat' dir='ltr'><strong><em>successfully</em></strong></span> <span class='ocrx_word' id='word_1_48' title='bbox 535 936 611 986; x_wconf 85' lang='lat' dir='ltr'><strong><em>ward</em></strong></span> <span class='ocrx_word' id='word_1_49' title='bbox 626 934 664 986; x_wconf 80' lang='lat' dir='ltr'><strong><em>off</em></strong></span> <span class='ocrx_word' id='word_1_50' title='bbox 679 936 751 986; x_wconf 82' lang='lat' dir='ltr'><strong><em>from</em></strong></span> <span class='ocrx_word' id='word_1_51' title='bbox 766 937 813 988; x_wconf 85' lang='lat' dir='ltr'><strong><em>the</em></strong></span> <span class='ocrx_word' id='word_1_52' title='bbox 826 937 902 989; x_wconf 88' lang='lat' dir='ltr'><strong><em>walls</em></strong></span> <span class='ocrx_word' id='word_1_53' title='bbox 917 939 964 990; x_wconf 86' lang='lat' dir='ltr'><strong><em>the</em></strong></span> <span class='ocrx_word' id='word_1_54' title='bbox 978 939 1084 991; x_wconf 86' lang='lat' dir='ltr'><strong><em>attaoks</em></strong></span> <span class='ocrx_word' id='word_1_55' title='bbox 1095 941 1124 991; x_wconf 84' lang='lat' dir='ltr'><strong><em>ot</em></strong></span> 
     </span>
     <span class='ocr_line' id='line_1_8' title="bbox 115 1018 793 1080; baseline 0.001 -12"><span class='ocrx_word' id='word_1_56' title='bbox 115 1019 165 1068; x_wconf 86' lang='lat' dir='ltr'><strong><em>the</em></strong></span> <span class='ocrx_word' id='word_1_57' title='bbox 177 1018 330 1080; x_wconf 85' lang='lat' dir='ltr'><strong><em>Rutulians,</em></strong></span> <span class='ocrx_word' id='word_1_58' title='bbox 345 1018 519 1068; x_wconf 80' lang='lat' dir='ltr'>1x.463-518.</span> <span class='ocrx_word' id='word_1_59' title='bbox 791 1044 793 1048; x_wconf 19' lang='grc' dir='ltr'><em>Α</em></span> 
     </span>
    </p>
   </div>
   <div class='ocr_carea' id='block_1_4' title="bbox 116 1141 1124 1288">
    <p class='ocr_par' dir='ltr' id='par_1_4' title="bbox 116 1141 1124 1288">
     <span class='ocr_line' id='line_1_9' title="bbox 116 1141 1124 1210; baseline 0.004 -16"><span class='ocrx_word' id='word_1_60' title='bbox 116 1143 277 1204; x_wconf 75' lang='lat' dir='ltr'><strong><em>Mezentius,</em></strong></span> <span class='ocrx_word' id='word_1_61' title='bbox 300 1143 451 1205; x_wconf 74' lang='lat' dir='ltr'><strong><em>Messapus,</em></strong></span> <span class='ocrx_word' id='word_1_62' title='bbox 474 1143 530 1194; x_wconf 84' lang='lat' dir='ltr'><strong><em>und</em></strong></span> <span class='ocrx_word' id='word_1_63' title='bbox 551 1141 662 1194; x_wconf 80' lang='lat' dir='ltr'><strong><em>Turnus</em></strong></span> <span class='ocrx_word' id='word_1_64' title='bbox 682 1145 743 1196; x_wconf 84' lang='lat' dir='ltr'><strong><em>lead</em></strong></span> <span class='ocrx_word' id='word_1_65' title='bbox 761 1145 805 1196; x_wconf 83' lang='lat' dir='ltr'><strong><em>tte</em></strong></span> <span class='ocrx_word' id='word_1_66' title='bbox 823 1145 963 1210; x_wconf 75' lang='lat' dir='ltr'><strong><em>besteuers,</em></strong></span> <span class='ocrx_word' id='word_1_67' title='bbox 981 1146 1024 1199; x_wconf 77' lang='lat' dir='ltr'><strong><em>tte</em></strong></span> <span class='ocrx_word' id='word_1_68' title='bbox 1044 1149 1124 1200; x_wconf 83' lang='lat' dir='ltr'><strong><em>latter</em></strong></span> 
     </span>
     <span class='ocr_line' id='line_1_10' title="bbox 116 1226 786 1288; baseline 0.001 -12"><span class='ocrx_word' id='word_1_69' title='bbox 116 1227 260 1288; x_wconf 73' lang='lat' dir='ltr'><strong><em>espenially</em></strong></span> <span class='ocrx_word' id='word_1_70' title='bbox 276 1226 359 1288; x_wconf 66' lang='lat' dir='ltr'><strong><em>dotas</em></strong></span> <span class='ocrx_word' id='word_1_71' title='bbox 375 1227 481 1276; x_wconf 64' lang='lat' dir='ltr'><strong><em>seaeant</em></strong></span> <span class='ocrx_word' id='word_1_72' title='bbox 497 1226 583 1288; x_wconf 83' lang='lat' dir='ltr'><strong><em>deeds,</em></strong></span> <span class='ocrx_word' id='word_1_73' title='bbox 603 1241 643 1275; x_wconf 88' lang='lat' dir='ltr'><strong><em>rx.</em></strong></span> <span class='ocrx_word' id='word_1_74' title='bbox 662 1227 786 1277; x_wconf 78' lang='lat' dir='ltr'><strong><em>tls-565.</em></strong></span> 
     </span>
    </p>
   </div>
   <div class='ocr_carea' id='block_1_5' title="bbox 113 1347 1123 3166">
    <p class='ocr_par' dir='ltr' id='par_1_5' title="bbox 113 1347 1123 3166">
     <span class='ocr_line' id='line_1_11' title="bbox 115 1347 1123 1426; baseline 0.004 -16"><span class='ocrx_word' id='word_1_75' title='bbox 115 1351 214 1410; x_wconf 90' lang='lat' dir='ltr'><strong><em>Parte</em></strong></span> <span class='ocrx_word' id='word_1_76' title='bbox 228 1348 291 1408; x_wconf 89' lang='lat' dir='ltr'><strong><em>alia</em></strong></span> <span class='ocrx_word' id='word_1_77' title='bbox 304 1348 477 1409; x_wconf 90' lang='lat' dir='ltr'><strong><em>horrendus</em></strong></span> <span class='ocrx_word' id='word_1_78' title='bbox 491 1347 564 1409; x_wconf 85' lang='lat' dir='ltr'><strong><em>visu</em></strong></span> <span class='ocrx_word' id='word_1_79' title='bbox 578 1349 747 1426; x_wconf 80' lang='lat' dir='ltr'><strong><em>quassabat</em></strong></span> <span class='ocrx_word' id='word_1_80' title='bbox 760 1350 927 1412; x_wconf 83' lang='lat' dir='ltr'><strong><em>Etrusoam</em></strong></span> <span class='ocrx_word' id='word_1_81' title='bbox 1106 1366 1123 1414; x_wconf 78' lang='lat' dir='ltr'><strong><em>a</em></strong></span> 
     </span>
     <span class='ocr_line' id='line_1_12' title="bbox 115 1445 873 1525; baseline 0.004 -20"><span class='ocrx_word' id='word_1_82' title='bbox 115 1447 229 1525; x_wconf 88' lang='lat' dir='ltr'><strong><em>pinum</em></strong></span> <span class='ocrx_word' id='word_1_83' title='bbox 244 1451 276 1524; x_wconf 84' lang='lat' dir='ltr'><strong><em>et</em></strong></span> <span class='ocrx_word' id='word_1_84' title='bbox 290 1446 457 1506; x_wconf 87' lang='lat' dir='ltr'><strong><em>fumiferos</em></strong></span> <span class='ocrx_word' id='word_1_85' title='bbox 471 1445 571 1505; x_wconf 86' lang='lat' dir='ltr'><strong><em>infert</em></strong></span> <span class='ocrx_word' id='word_1_86' title='bbox 584 1447 760 1507; x_wconf 77' lang='lat' dir='ltr'><strong><em>Mezentius</em></strong></span> <span class='ocrx_word' id='word_1_87' title='bbox 773 1446 873 1524; x_wconf 83' lang='lat' dir='ltr'><strong><em>ignis3</em></strong></span> 
     </span>
     <span class='ocr_line' id='line_1_13' title="bbox 116 1541 920 1621; baseline 0.001 -18"><span class='ocrx_word' id='word_1_88' title='bbox 116 1548 150 1603; x_wconf 88' lang='lat' dir='ltr'><strong><em>at</em></strong></span> <span class='ocrx_word' id='word_1_89' title='bbox 165 1544 329 1621; x_wconf 81' lang='lat' dir='ltr'><strong><em>Messapus</em></strong></span> <span class='ocrx_word' id='word_1_90' title='bbox 344 1561 458 1620; x_wconf 87' lang='lat' dir='ltr'><strong><em>equum</em></strong></span> <span class='ocrx_word' id='word_1_91' title='bbox 473 1541 616 1618; x_wconf 89' lang='lat' dir='ltr'><strong><em>domitor,</em></strong></span> <span class='ocrx_word' id='word_1_92' title='bbox 631 1543 795 1621; x_wconf 76' lang='lat' dir='ltr'><strong><em>Neptunia</em></strong></span> <span class='ocrx_word' id='word_1_93' title='bbox 808 1544 920 1621; x_wconf 86' lang='lat' dir='ltr'><strong><em>proles,</em></strong></span> 
     </span>
     <span class='ocr_line' id='line_1_14' title="bbox 115 1637 871 1716; baseline 0 -16"><span class='ocrx_word' id='word_1_94' title='bbox 115 1639 269 1700; x_wconf 81' lang='lat' dir='ltr'><strong><em>rescindit</em></strong></span> <span class='ocrx_word' id='word_1_95' title='bbox 282 1639 401 1699; x_wconf 76' lang='lat' dir='ltr'><strong><em>vadium</em></strong></span> <span class='ocrx_word' id='word_1_96' title='bbox 416 1644 448 1699; x_wconf 91' lang='lat' dir='ltr'><strong><em>et</em></strong></span> <span class='ocrx_word' id='word_1_97' title='bbox 462 1637 562 1699; x_wconf 84' lang='lat' dir='ltr'><strong><em>scalas</em></strong></span> <span class='ocrx_word' id='word_1_98' title='bbox 577 1638 612 1697; x_wconf 94' lang='lat' dir='ltr'><strong><em>in</em></strong></span> <span class='ocrx_word' id='word_1_99' title='bbox 624 1639 749 1699; x_wconf 90' lang='lat' dir='ltr'><strong><em>moenia</em></strong></span> <span class='ocrx_word' id='word_1_100' title='bbox 762 1640 871 1716; x_wconf 84' lang='lat' dir='ltr'><strong><em>poscit.</em></strong></span> 
     </span>
     <span class='ocr_line' id='line_1_15' title="bbox 158 1735 862 1813; baseline -0.001 -16"><span class='ocrx_word' id='word_1_101' title='bbox 158 1738 231 1811; x_wconf 85' lang='lat' dir='ltr'><strong><em>Vos,</em></strong></span> <span class='ocrx_word' id='word_1_102' title='bbox 246 1754 264 1795; x_wconf 93' lang='lat' dir='ltr'><strong><em>o</em></strong></span> <span class='ocrx_word' id='word_1_103' title='bbox 279 1735 427 1813; x_wconf 63' lang='lat' dir='ltr'><strong><em>Calliope,</em></strong></span> <span class='ocrx_word' id='word_1_104' title='bbox 443 1754 559 1813; x_wconf 82' lang='lat' dir='ltr'><strong><em>precor,</em></strong></span> <span class='ocrx_word' id='word_1_105' title='bbox 575 1735 712 1813; x_wconf 89' lang='lat' dir='ltr'><strong><em>aspirate</em></strong></span> <span class='ocrx_word' id='word_1_106' title='bbox 727 1737 862 1812; x_wconf 80' lang='lat' dir='ltr'><strong><em>canenti,</em></strong></span> 
     </span>
     <span class='ocr_line' id='line_1_16' title="bbox 116 1832 1121 1911; baseline 0.003 -19"><span class='ocrx_word' id='word_1_107' title='bbox 116 1852 196 1911; x_wconf 90' lang='lat' dir='ltr'><strong><em>quas</em></strong></span> <span class='ocrx_word' id='word_1_108' title='bbox 209 1832 254 1892; x_wconf 90' lang='lat' dir='ltr'><strong><em>ibi</em></strong></span> <span class='ocrx_word' id='word_1_109' title='bbox 268 1838 337 1892; x_wconf 91' lang='lat' dir='ltr'><strong><em>tum</em></strong></span> <span class='ocrx_word' id='word_1_110' title='bbox 351 1833 435 1891; x_wconf 85' lang='lat' dir='ltr'><strong><em>ferro</em></strong></span> <span class='ocrx_word' id='word_1_111' title='bbox 451 1838 579 1908; x_wconf 85' lang='lat' dir='ltr'><strong><em>strages,</em></strong></span> <span class='ocrx_word' id='word_1_112' title='bbox 595 1850 675 1910; x_wconf 91' lang='lat' dir='ltr'><strong><em>quae</em></strong></span> <span class='ocrx_word' id='word_1_113' title='bbox 690 1833 802 1892; x_wconf 84' lang='lat' dir='ltr'><strong><em>funera</em></strong></span> <span class='ocrx_word' id='word_1_114' title='bbox 816 1835 942 1895; x_wconf 79' lang='lat' dir='ltr'><strong><em>Turnus</em></strong></span> <span class='ocrx_word' id='word_1_115' title='bbox 1087 1835 1121 1880; x_wconf 61' lang='lat'><strong><em>10‘</em></strong></span> 
     </span>
     <span class='ocr_line' id='line_1_17' title="bbox 115 1929 912 2007; baseline 0.001 -18"><span class='ocrx_word' id='word_1_116' title='bbox 115 1929 260 2006; x_wconf 80' lang='lat' dir='ltr'><strong><em>ediderit,</em></strong></span> <span class='ocrx_word' id='word_1_117' title='bbox 275 1946 368 2006; x_wconf 90' lang='lat' dir='ltr'><strong><em>quem</em></strong></span> <span class='ocrx_word' id='word_1_118' title='bbox 383 1929 515 2006; x_wconf 90' lang='lat' dir='ltr'><strong><em>quisque</em></strong></span> <span class='ocrx_word' id='word_1_119' title='bbox 529 1929 632 1988; x_wconf 84' lang='lat' dir='ltr'><strong><em>virum</em></strong></span> <span class='ocrx_word' id='word_1_120' title='bbox 647 1929 809 1989; x_wconf 81' lang='lat' dir='ltr'><strong><em>demiserit</em></strong></span> <span class='ocrx_word' id='word_1_121' title='bbox 823 1929 912 2007; x_wconf 85' lang='lat' dir='ltr'><strong><em>Oreo,</em></strong></span> 
     </span>
     <span class='ocr_line' id='line_1_18' title="bbox 115 2025 770 2101; baseline -0.002 -14"><span class='ocrx_word' id='word_1_122' title='bbox 115 2032 150 2087; x_wconf 89' lang='lat' dir='ltr'><strong><em>et</em></strong></span> <span class='ocrx_word' id='word_1_123' title='bbox 163 2044 284 2086; x_wconf 84' lang='lat' dir='ltr'><strong><em>mecum</em></strong></span> <span class='ocrx_word' id='word_1_124' title='bbox 298 2025 436 2101; x_wconf 88' lang='lat' dir='ltr'><strong><em>ingentis</em></strong></span> <span class='ocrx_word' id='word_1_125' title='bbox 451 2044 520 2085; x_wconf 87' lang='lat' dir='ltr'><strong><em>oras</em></strong></span> <span class='ocrx_word' id='word_1_126' title='bbox 535 2025 672 2084; x_wconf 86' lang='lat' dir='ltr'><strong><em>evolvite</em></strong></span> <span class='ocrx_word' id='word_1_127' title='bbox 686 2025 770 2086; x_wconf 85' lang='lat' dir='ltr'><strong><em>belli.</em></strong></span> 
     </span>
     <span class='ocr_line' id='line_1_19' title="bbox 157 2121 920 2200; baseline 0 -18"><span class='ocrx_word' id='word_1_128' title='bbox 157 2122 266 2182; x_wconf 84' lang='lat' dir='ltr'><strong><em>Turris</em></strong></span> <span class='ocrx_word' id='word_1_129' title='bbox 280 2128 348 2182; x_wconf 89' lang='lat' dir='ltr'><strong><em>erat</em></strong></span> <span class='ocrx_word' id='word_1_130' title='bbox 361 2129 451 2183; x_wconf 88' lang='lat' dir='ltr'><strong><em>vasto</em></strong></span> <span class='ocrx_word' id='word_1_131' title='bbox 466 2127 613 2200; x_wconf 82' lang='lat' dir='ltr'><strong><em>suspectu</em></strong></span> <span class='ocrx_word' id='word_1_132' title='bbox 627 2127 660 2181; x_wconf 90' lang='lat' dir='ltr'><strong><em>et</em></strong></span> <span class='ocrx_word' id='word_1_133' title='bbox 674 2121 822 2200; x_wconf 90' lang='lat' dir='ltr'><strong><em>pontibus</em></strong></span> <span class='ocrx_word' id='word_1_134' title='bbox 837 2122 920 2200; x_wconf 90' lang='lat' dir='ltr'><strong><em>altis,</em></strong></span> 
     </span>
     <span class='ocr_line' id='line_1_20' title="bbox 115 2217 892 2298; baseline -0.003 -17"><span class='ocrx_word' id='word_1_135' title='bbox 115 2225 293 2298; x_wconf 88' lang='lat' dir='ltr'><strong><em>opportuna</em></strong></span> <span class='ocrx_word' id='word_1_136' title='bbox 305 2217 382 2294; x_wconf 90' lang='lat' dir='ltr'><strong><em>looo,</em></strong></span> <span class='ocrx_word' id='word_1_137' title='bbox 397 2220 527 2281; x_wconf 89' lang='lat' dir='ltr'><strong><em>summis</em></strong></span> <span class='ocrx_word' id='word_1_138' title='bbox 542 2237 636 2296; x_wconf 92' lang='lat' dir='ltr'><strong><em>quam</em></strong></span> <span class='ocrx_word' id='word_1_139' title='bbox 650 2217 770 2278; x_wconf 79' lang='lat' dir='ltr'><strong><em>viribus</em></strong></span> <span class='ocrx_word' id='word_1_140' title='bbox 786 2238 892 2279; x_wconf 89' lang='lat' dir='ltr'><strong><em>omnes</em></strong></span> 
     </span>
     <span class='ocr_line' id='line_1_21' title="bbox 115 2315 1119 2393; baseline 0 -17"><span class='ocrx_word' id='word_1_141' title='bbox 115 2333 294 2393; x_wconf 87' lang='lat' dir='ltr'><strong><em>expugnare</em></strong></span> <span class='ocrx_word' id='word_1_142' title='bbox 309 2315 386 2376; x_wconf 80' lang='lat' dir='ltr'><strong><em>Itali</em></strong></span> <span class='ocrx_word' id='word_1_143' title='bbox 400 2334 582 2392; x_wconf 89' lang='lat' dir='ltr'><strong><em>summaque</em></strong></span> <span class='ocrx_word' id='word_1_144' title='bbox 596 2320 735 2374; x_wconf 86' lang='lat' dir='ltr'><strong><em>evertere</em></strong></span> <span class='ocrx_word' id='word_1_145' title='bbox 750 2334 844 2392; x_wconf 91' lang='lat' dir='ltr'><strong><em>opum</em></strong></span> <span class='ocrx_word' id='word_1_146' title='bbox 858 2315 892 2376; x_wconf 87' lang='lat' dir='ltr'><strong><em>vi</em></strong></span> <span class='ocrx_word' id='word_1_147' title='bbox 1090 2329 1119 2376; x_wconf 82' lang='lat'><strong><em>115</em></strong></span> 
     </span>
     <span class='ocr_line' id='line_1_22' title="bbox 113 2412 801 2488; baseline -0.001 -15"><span class='ocrx_word' id='word_1_148' title='bbox 113 2412 286 2488; x_wconf 83' lang='lat' dir='ltr'><strong><em>certabant,</em></strong></span> <span class='ocrx_word' id='word_1_149' title='bbox 302 2413 397 2471; x_wconf 85' lang='lat' dir='ltr'><strong><em>Troes</em></strong></span> <span class='ocrx_word' id='word_1_150' title='bbox 412 2417 520 2471; x_wconf 91' lang='lat' dir='ltr'><strong><em>oontra</em></strong></span> <span class='ocrx_word' id='word_1_151' title='bbox 534 2412 702 2471; x_wconf 84' lang='lat' dir='ltr'><strong><em>defendere</em></strong></span> <span class='ocrx_word' id='word_1_152' title='bbox 717 2412 801 2473; x_wconf 81' lang='lat' dir='ltr'><strong><em>saxis</em></strong></span> 
     </span>
     <span class='ocr_line' id='line_1_23' title="bbox 114 2508 998 2588; baseline 0 -20"><span class='ocrx_word' id='word_1_153' title='bbox 114 2528 233 2588; x_wconf 89' lang='lat' dir='ltr'><strong><em>perque</em></strong></span> <span class='ocrx_word' id='word_1_154' title='bbox 246 2527 339 2569; x_wconf 70' lang='lat' dir='ltr'><strong><em>satas</em></strong></span> <span class='ocrx_word' id='word_1_155' title='bbox 355 2508 444 2568; x_wconf 88' lang='lat' dir='ltr'><strong><em>densi</em></strong></span> <span class='ocrx_word' id='word_1_156' title='bbox 458 2508 523 2567; x_wconf 87' lang='lat' dir='ltr'><strong><em>tela</em></strong></span> <span class='ocrx_word' id='word_1_157' title='bbox 536 2508 717 2586; x_wconf 84' lang='lat' dir='ltr'><strong><em>intorquere</em></strong></span> <span class='ocrx_word' id='word_1_158' title='bbox 731 2509 896 2571; x_wconf 86' lang='lat' dir='ltr'><strong><em>fenestras.</em></strong></span> <span class='ocrx_word' id='word_1_159' title='bbox 995 2563 998 2568; x_wconf 90' lang='lat'>.</span> 
     </span>
     <span class='ocr_line' id='line_1_24' title="bbox 114 2596 882 2685; baseline 0.001 -21"><span class='ocrx_word' id='word_1_160' title='bbox 114 2605 261 2685; x_wconf 82' lang='lat' dir='ltr'><strong><em>princeps</em></strong></span> <span class='ocrx_word' id='word_1_161' title='bbox 276 2598 437 2665; x_wconf 81' lang='lat' dir='ltr'><strong><em>ardentem</em></strong></span> <span class='ocrx_word' id='word_1_162' title='bbox 452 2596 583 2664; x_wconf 82' lang='lat' dir='ltr'><strong><em>coniecit</em></strong></span> <span class='ocrx_word' id='word_1_163' title='bbox 597 2605 745 2682; x_wconf 90' lang='lat' dir='ltr'><strong><em>lampada</em></strong></span> <span class='ocrx_word' id='word_1_164' title='bbox 757 2607 882 2665; x_wconf 84' lang='lat' dir='ltr'><strong><em>Turnus</em></strong></span> 
     </span>
     <span class='ocr_line' id='line_1_25' title="bbox 114 2701 915 2778; baseline 0.002 -16"><span class='ocrx_word' id='word_1_165' title='bbox 114 2707 147 2762; x_wconf 89' lang='lat' dir='ltr'><strong><em>et</em></strong></span> <span class='ocrx_word' id='word_1_166' title='bbox 160 2702 319 2762; x_wconf 89' lang='lat' dir='ltr'><strong><em>flammam</em></strong></span> <span class='ocrx_word' id='word_1_167' title='bbox 333 2701 446 2761; x_wconf 81' lang='lat' dir='ltr'><strong><em>adfixit</em></strong></span> <span class='ocrx_word' id='word_1_168' title='bbox 459 2701 559 2775; x_wconf 85' lang='lat' dir='ltr'><strong><em>lateri,</em></strong></span> <span class='ocrx_word' id='word_1_169' title='bbox 575 2720 654 2778; x_wconf 90' lang='lat' dir='ltr'><strong><em>quae</em></strong></span> <span class='ocrx_word' id='word_1_170' title='bbox 669 2701 806 2778; x_wconf 89' lang='lat' dir='ltr'><strong><em>plurima</em></strong></span> <span class='ocrx_word' id='word_1_171' title='bbox 819 2708 915 2764; x_wconf 78' lang='lat' dir='ltr'><strong><em>vento</em></strong></span> 
     </span>
     <span class='ocr_line' id='line_1_26' title="bbox 114 2797 851 2875; baseline 0.001 -18"><span class='ocrx_word' id='word_1_172' title='bbox 114 2798 267 2875; x_wconf 86' lang='lat' dir='ltr'><strong><em>corripuit</em></strong></span> <span class='ocrx_word' id='word_1_173' title='bbox 280 2798 403 2859; x_wconf 82' lang='lat' dir='ltr'><strong><em>tabulas</em></strong></span> <span class='ocrx_word' id='word_1_174' title='bbox 418 2803 449 2857; x_wconf 90' lang='lat' dir='ltr'><strong><em>et</em></strong></span> <span class='ocrx_word' id='word_1_175' title='bbox 464 2797 605 2875; x_wconf 90' lang='lat' dir='ltr'><strong><em>postibus</em></strong></span> <span class='ocrx_word' id='word_1_176' title='bbox 620 2797 725 2857; x_wconf 89' lang='lat' dir='ltr'><strong><em>haesit</em></strong></span> <span class='ocrx_word' id='word_1_177' title='bbox 739 2798 851 2859; x_wconf 88' lang='lat' dir='ltr'><strong><em>adesis.</em></strong></span> 
     </span>
     <span class='ocr_line' id='line_1_27' title="bbox 114 2893 870 2973; baseline 0 -19"><span class='ocrx_word' id='word_1_178' title='bbox 114 2894 234 2954; x_wconf 85' lang='lat' dir='ltr'><strong><em>turbati</em></strong></span> <span class='ocrx_word' id='word_1_179' title='bbox 248 2895 405 2973; x_wconf 90' lang='lat' dir='ltr'><strong><em>trepidare</em></strong></span> <span class='ocrx_word' id='word_1_180' title='bbox 420 2893 505 2953; x_wconf 89' lang='lat' dir='ltr'><strong><em>intus</em></strong></span> <span class='ocrx_word' id='word_1_181' title='bbox 521 2894 702 2971; x_wconf 87' lang='lat' dir='ltr'><strong><em>frustraque</em></strong></span> <span class='ocrx_word' id='word_1_182' title='bbox 716 2894 870 2954; x_wconf 83' lang='lat' dir='ltr'><strong><em>malorum</em></strong></span> 
     </span>
     <span class='ocr_line' id='line_1_28' title="bbox 115 2991 997 3069; baseline 0.007 -19"><span class='ocrx_word' id='word_1_183' title='bbox 115 2991 197 3051; x_wconf 88' lang='lat' dir='ltr'><strong><em>velle</em></strong></span> <span class='ocrx_word' id='word_1_184' title='bbox 212 2992 327 3067; x_wconf 85' lang='lat' dir='ltr'><strong><em>fugam.</em></strong></span> <span class='ocrx_word' id='word_1_185' title='bbox 371 2992 444 3050; x_wconf 89' lang='lat' dir='ltr'><strong><em>dum</em></strong></span> <span class='ocrx_word' id='word_1_186' title='bbox 459 3009 492 3050; x_wconf 89' lang='lat' dir='ltr'><strong><em>se</em></strong></span> <span class='ocrx_word' id='word_1_187' title='bbox 507 2991 680 3065; x_wconf 87' lang='lat' dir='ltr'><strong><em>glomerant</em></strong></span> <span class='ocrx_word' id='word_1_188' title='bbox 694 2996 839 3069; x_wconf 85' lang='lat' dir='ltr'><strong><em>retroque</em></strong></span> <span class='ocrx_word' id='word_1_189' title='bbox 853 2993 997 3056; x_wconf 86' lang='lat' dir='ltr'><strong><em>residunt</em></strong></span> 
     </span>
     <span class='ocr_line' id='line_1_29' title="bbox 115 3087 942 3166; baseline 0.005 -20"><span class='ocrx_word' id='word_1_190' title='bbox 115 3087 150 3146; x_wconf 93' lang='lat' dir='ltr'><strong><em>in</em></strong></span> <span class='ocrx_word' id='word_1_191' title='bbox 164 3094 294 3166; x_wconf 88' lang='lat' dir='ltr'><strong><em>partem,</em></strong></span> <span class='ocrx_word' id='word_1_192' title='bbox 310 3106 388 3165; x_wconf 92' lang='lat' dir='ltr'><strong><em>quae</em></strong></span> <span class='ocrx_word' id='word_1_193' title='bbox 402 3092 490 3164; x_wconf 90' lang='lat' dir='ltr'><strong><em>peste</em></strong></span> <span class='ocrx_word' id='word_1_194' title='bbox 505 3092 596 3160; x_wconf 88' lang='lat' dir='ltr'><strong><em>earet,</em></strong></span> <span class='ocrx_word' id='word_1_195' title='bbox 613 3092 679 3145; x_wconf 92' lang='lat' dir='ltr'><strong><em>tum</em></strong></span> <span class='ocrx_word' id='word_1_196' title='bbox 695 3089 831 3164; x_wconf 89' lang='lat' dir='ltr'><strong><em>pondere</em></strong></span> <span class='ocrx_word' id='word_1_197' title='bbox 846 3091 942 3151; x_wconf 85' lang='lat' dir='ltr'><strong><em>turris</em></strong></span> 
     </span>
    </p>
   </div>
   <div class='ocr_carea' id='block_1_6' title="bbox 114 3252 1114 3442">
    <p class='ocr_par' dir='ltr' id='par_1_6' title="bbox 114 3252 1114 3442">
     <span class='ocr_line' id='line_1_30' title="bbox 154 3252 1114 3316; baseline 0.005 -16"><span class='ocrx_word' id='word_1_198' title='bbox 154 3255 176 3300; x_wconf 87' lang='lat'><strong><em>8.</em></strong></span> <span class='ocrx_word' id='word_1_199' title='bbox 198 3252 296 3309; x_wconf 78' lang='lat' dir='ltr'><strong><em>stelas,</em></strong></span> <span class='ocrx_word' id='word_1_200' title='bbox 322 3253 430 3299; x_wconf 80' lang='lat' dir='ltr'><strong><em>leaders.</em></strong></span> <span class='ocrx_word' id='word_1_201' title='bbox 472 3253 508 3297; x_wconf 87' lang='lat'><strong><em>12.</em></strong></span> <span class='ocrx_word' id='word_1_202' title='bbox 535 3261 605 3306; x_wconf 82' lang='lat' dir='ltr'><strong><em>oras,</em></strong></span> <span class='ocrx_word' id='word_1_203' title='bbox 632 3252 752 3299; x_wconf 83' lang='lat' dir='ltr'><strong><em>outlines.</em></strong></span> <span class='ocrx_word' id='word_1_204' title='bbox 794 3255 829 3299; x_wconf 89' lang='lat'><strong><em>13.</em></strong></span> <span class='ocrx_word' id='word_1_205' title='bbox 856 3259 992 3313; x_wconf 73' lang='lat' dir='ltr'><strong><em>suspectu,</em></strong></span> <span class='ocrx_word' id='word_1_206' title='bbox 1018 3259 1114 3316; x_wconf 65' lang='lat' dir='ltr'><strong><em>aetate.</em></strong></span> 
     </span>
     <span class='ocr_line' id='line_1_31' title="bbox 115 3318 1114 3380; baseline 0.007 -14"><span class='ocrx_word' id='word_1_207' title='bbox 115 3322 152 3366; x_wconf 83' lang='lat'><strong><em>1³.</em></strong></span> <span class='ocrx_word' id='word_1_208' title='bbox 178 3319 314 3378; x_wconf 85' lang='lat' dir='ltr'><strong><em>pontibus,</em></strong></span> <span class='ocrx_word' id='word_1_209' title='bbox 335 3320 462 3376; x_wconf 69' lang='lat' dir='ltr'><strong><em>pullen-ies,</em></strong></span> <span class='ocrx_word' id='word_1_210' title='bbox 484 3321 582 3365; x_wconf 81' lang='lat' dir='ltr'><strong><em>stories.</em></strong></span> <span class='ocrx_word' id='word_1_211' title='bbox 622 3321 658 3366; x_wconf 80' lang='lat'><strong><em>17.</em></strong></span> <span class='ocrx_word' id='word_1_212' title='bbox 680 3318 824 3376; x_wconf 71' lang='lat' dir='ltr'><strong><em>tenesmo,</em></strong></span> <span class='ocrx_word' id='word_1_213' title='bbox 847 3321 979 3380; x_wconf 79' lang='lat' dir='ltr'><strong><em>leophotes.</em></strong></span> <span class='ocrx_word' id='word_1_214' title='bbox 1018 3327 1054 3372; x_wconf 75' lang='lat'><strong><em>20.</em></strong></span> <span class='ocrx_word' id='word_1_215' title='bbox 1075 3328 1114 3373; x_wconf 67' lang='lat' dir='ltr'><strong><em>ts·</em></strong></span> 
     </span>
     <span class='ocr_line' id='line_1_32' title="bbox 114 3385 661 3442; baseline -0.004 -8"><span class='ocrx_word' id='word_1_216' title='bbox 114 3385 204 3442; x_wconf 78' lang='lat' dir='ltr'><strong><em>bulas,</em></strong></span> <span class='ocrx_word' id='word_1_217' title='bbox 217 3389 315 3434; x_wconf 81' lang='lat' dir='ltr'><strong><em>bourds.</em></strong></span> <span class='ocrx_word' id='word_1_218' title='bbox 345 3390 382 3433; x_wconf 80' lang='lat'><strong><em>20.</em></strong></span> <span class='ocrx_word' id='word_1_219' title='bbox 403 3385 502 3440; x_wconf 80' lang='lat' dir='ltr'><strong><em>adesis,</em></strong></span> <span class='ocrx_word' id='word_1_220' title='bbox 514 3392 587 3432; x_wconf 79' lang='lat' dir='ltr'><strong><em>euten</em></strong></span> <span class='ocrx_word' id='word_1_221' title='bbox 599 3388 661 3433; x_wconf 84' lang='lat' dir='ltr'><strong><em>into.</em></strong></span> 
     </span>
    </p>
   </div>
   <div class='ocr_carea' id='block_1_7' title="bbox 0 0 1246 3876">
    <p class='ocr_par' dir='ltr' id='par_1_7' title="bbox 0 0 1246 3876">
     <span class='ocr_line' id='line_1_33' title="bbox 0 0 1246 3876; baseline 0 1"><span class='ocrx_word' id='word_1_222' title='bbox 0 0 1246 3876; x_wconf 95' lang='lat' dir='ltr'><strong><em> </em></strong></span> 
     </span>
    </p>
   </div>
  </div>
 </body>
</html>
