2484 3876
119 157 160 217 32
457 156 611 207 venem
634 157 778 206 nmis.
891 156 1111 222 [BoonLXI.

119 337 306 394 mucronem,
320 338 378 379 nec
391 320 474 379 ferre
488 320 576 379 videt
590 339 648 379 sua
661 320 776 395 gaudia
788 326 911 382 ventus.

119 417 201 477 ferte
215 417 292 477 ratis
306 417 382 476 celsi
395 418 562 476 coniuncta
575 418 736 494 crepidine
750 418 821 478 saxi

119 515 270 592 expositis
284 515 388 574 stabat
402 514 496 574 scalis
509 522 542 573 et
555 522 651 592 ponte
665 521 785 591 parato,

119 631 183 690 qua
196 630 250 670 rex
264 612 402 672 Clusinis
416 612 566 670 advectus
579 611 709 672 Osinius
723 612 795 672 oris

118 709 181 768 huc
194 727 262 768 sese
275 709 400 785 trepida
412 709 538 767 Aeneae
552 709 706 783 fugientis
720 709 824 785 imago

118 806 234 865 conicit
247 806 281 864 in
295 805 440 879 latebras,
455 824 513 864 nec
526 807 652 864 Turnus
666 806 792 881 segnior
804 807 906 866 instat

119 910 347 980 exsuperatque
360 921 463 962 moras
477 909 510 961 et
523 902 629 980 pontis
643 903 784 962 transilit
797 903 888 963 altus

120 1000 174 1058 vix
188 1018 311 1076 proram
326 1000 490 1074 attigerat:
512 1000 633 1076 rumpit
647 999 797 1058 Saturnia
809 1000 921 1059 funem

119 1095 321 1172 avulsamque
336 1096 420 1172 rapit
433 1096 577 1154 revoluta
590 1114 646 1172 per
659 1115 796 1172 aequora
807 1115 931 1155 navem

119 1199 187 1251 tum
201 1192 280 1252 levis
294 1193 379 1251 hand
392 1191 477 1251 ultra
490 1192 626 1251 latebras
640 1192 704 1251 iam
718 1193 843 1270 quaerit
856 1193 970 1269 imago,

119 1289 176 1348 sed
189 1288 321 1349 sublime
335 1288 444 1349 volans
458 1290 534 1349 nubi
549 1308 582 1348 se
597 1289 769 1349 immiscuit
782 1296 877 1348 atrae

118 1384 209 1444 illum
224 1392 328 1445 autem
342 1386 465 1445 Aeneas
479 1387 639 1445 absentem
654 1387 688 1444 in
703 1386 823 1463 proelia
835 1385 955 1463 poscit;

118 1481 212 1542 obvia
224 1482 326 1541 multa
340 1484 441 1540 virum
457 1483 598 1542 demittit
612 1502 741 1560 corpora
754 1483 861 1557 Morti,

118 1596 189 1638 cum
203 1580 344 1638 Turnum
357 1579 461 1639 medio
475 1579 596 1638 interea
608 1580 672 1638 fert
686 1598 819 1656 aequore
832 1579 933 1639 turbu

118 1675 248 1753 respicit
261 1675 388 1752 ignarus
403 1693 507 1734 rerum
521 1677 725 1753 ingratusque
740 1676 852 1736 salutis
1096 1688 1124 1735 lt

118 1778 151 1832 et
164 1772 300 1849 duplicis
313 1790 385 1831 cum
399 1791 473 1831 voce
488 1791 599 1832 manns
613 1773 654 1832 ad
667 1773 772 1832 sidera
784 1773 905 1832 tendit:

119 1868 342 1946 ‘Omnipotens
357 1868 489 1944 genitor,
503 1875 616 1928 tanton
630 1888 680 1928 me
693 1868 824 1928 crimine
838 1870 970 1945 dignum

118 1964 239 2025 duxisti
253 1971 285 2024 et
299 1964 373 2024 talis
388 1965 517 2025 voluisti
532 1966 707 2042 expendere
721 1967 865 2042 poenas?

117 2081 181 2140 quo
194 2063 305 2121 feror?
327 2062 410 2120 unde
424 2062 514 2121 abii?
537 2080 617 2139 quae
631 2081 681 2121 me
695 2063 773 2137 fuga
786 2080 920 2139 quemve
934 2061 1084 2122 reducit?

118 2158 326 2218 Laurentisne
340 2159 454 2218 iterum
468 2178 574 2218 muros
588 2166 644 2218 aut
657 2166 761 2218 castra
775 2159 914 2218 videbo?
1094 2170 1123 2216 to

117 2255 195 2334 quid
208 2274 319 2316 manus
333 2255 391 2315 illa
406 2256 517 2330 virum,
532 2255 588 2333 qui
602 2274 652 2314 me
666 2273 796 2333 meaque
811 2274 899 2314 arma
917 2256 1043 2316 secuti?

118 2371 236 2430 quosne
253 2352 369 2433 (nefas)
384 2352 485 2412 omnis
500 2353 633 2411 infanda
646 2353 680 2410 in
694 2359 793 2411 morte
807 2351 923 2429 reliqui

117 2455 150 2508 et
164 2467 246 2507 nunc
260 2449 397 2526 palantis
413 2449 504 2507 video
519 2449 731 2526 gemitumque
745 2449 913 2508 cadentum

118 2545 262 2622 accipio?
284 2545 361 2622 quid
376 2548 460 2621 ago?
482 2551 537 2604 aut
551 2564 631 2623 quae
645 2546 707 2604 iam
722 2545 799 2605 satis
814 2545 878 2604 ima
891 2545 1037 2606 dehiscat

117 2647 203 2701 terra
215 2641 320 2701 mihi?
341 2661 397 2701 vos
411 2661 430 2700 ο
444 2641 548 2720 potius
563 2640 763 2716 miserescite,
779 2642 885 2717 venti3
1093 2654 1122 2703 2⁵

116 2738 152 2798 in
166 2755 268 2815 rupes,
282 2737 317 2796 in
331 2757 407 2797 saxa
422 2738 544 2816 (volens
559 2757 613 2798 vos
628 2740 753 2797 Turnus
768 2739 875 2818 adoro)

118 2836 199 2895 ferte
213 2839 312 2894 ratem
327 2835 491 2913 saevisque
506 2835 595 2894 vadis
610 2835 773 2894 immittite
787 2835 894 2912 syrtis,

118 2951 180 3009 quo
194 2950 295 3010 neque
308 2950 358 2991 me
372 2931 485 2990 Rutuli
500 2950 557 2991 nec
571 2932 696 2991 conscia
709 2931 796 2991 fama
810 2933 978 3009 sequatur!

156 3136 177 3180 1.
199 3144 362 3189 mueronem,
378 3136 468 3181 swerd.
499 3136 522 3180 2.
543 3132 613 3181 rutis
632 3135 712 3190 (nom.
728 3134 818 3193 sing),
834 3135 901 3191 skip.
931 3135 954 3180 2.
975 3132 1121 3192 crepidine,

113 3202 264 3261 projectior.
303 3205 326 3248 6.
351 3200 483 3257 latebras,
514 3202 695 3259 hidiae-place.
737 3205 773 3248 14.
800 3200 890 3257 turbo,
918 3203 997 3257 wind,
1029 3201 1122 3248 treeze.

118 3271 154 3317 17.
175 3271 428 3317 tsntcn=tantone
460 3271 495 3316 18.
515 3268 627 3325 duxisti,
640 3270 757 3328 thouyht.
787 3271 824 3315 22.
845 3267 1123 3327 intendamuspealcoe

117 3337 160 3384 ble¹
195 3339 230 3384 24,
253 3337 478 3396 dehiscatyawn.
509 3340 546 3385 27.
568 3336 660 3396 syrtis,
671 3339 759 3384 sande.
