2484 3876
117 187 157 247 56
456 185 612 236 VERGILI
633 185 778 236 Anulus.
949 188 1047 253 [Boon
1058 187 1115 238 XIL

117 347 281 408 defensum
298 346 386 407 dabit
400 352 433 406 et
447 366 561 423 magna
574 346 657 407 inter
671 348 811 425 praemia
824 349 925 410 ducet.

117 449 153 504 tu
167 443 274 518 facito,
288 463 362 503 mox
375 462 446 503 cum
461 450 585 504 matura
598 444 771 504 adoleverit
785 450 881 521 aetas,

118 540 162 601 sis
176 558 294 599 memor
308 545 340 599 et
353 547 386 599 te
400 539 504 600 animo
519 546 713 617 repetentem
728 541 872 620 exempla
885 546 1014 604 tuorum

117 642 150 696 et
163 641 253 715 pater
265 635 389 697 Aeneas
404 642 437 695 et
450 636 624 697 avunculus
638 636 755 697 excitet
769 639 910 698 Hector.²

117 885 226 936 Aeneas
241 890 331 936 enters
345 885 391 935 the
407 883 492 934 battle
509 884 564 935 and
580 885 627 936 the
644 898 741 948 enemy
757 885 786 936 in
803 890 890 937 terror
906 885 957 938 lies
968 887 1042 939 from
1052 888 1115 949 him,

117 983 168 1019 111.
179 967 303 1018 441-465.

117 1111 223 1163 Aeaeos
238 1113 312 1162 scelos
328 1113 391 1173 only
409 1111 524 1171 Turbae,
537 1111 584 1162 but
600 1112 723 1162 Jororna
740 1126 870 1176 monotes
886 1119 914 1164 to
931 1113 997 1176 keep
1014 1114 1059 1165 tlte
1076 1120 1122 1165 two

118 1201 205 1257 oport,
219 1208 270 1243 xrr.
285 1193 410 1244 tce-487.

305 1375 307 1378 -
322 1336 430 1398 Solum
444 1335 542 1395 densa
555 1335 590 1394 in
603 1334 738 1411 caligine
752 1337 893 1396 Turnum
1109 1347 1124 1396 b

117 1434 255 1511 vestigat
267 1433 416 1508 lustrans,
432 1432 533 1493 solum
547 1432 582 1491 in
595 1432 768 1493 certamina
781 1433 891 1510 poscit.

116 1531 175 1591 hoc
190 1549 339 1592 concussa
352 1535 439 1589 metu
453 1533 590 1589 mentem
604 1529 739 1589 Iuturna
752 1529 861 1605 virago

118 1628 258 1703 aurigam
272 1627 371 1687 Turni
386 1625 490 1685 media
503 1625 585 1685 inter
599 1625 667 1685 lora
680 1625 849 1685 Metiscum

118 1725 237 1784 excutit
251 1730 283 1784 et
297 1724 388 1800 longe
403 1722 526 1800 lapsum
540 1728 664 1782 temone
679 1722 847 1799 relinquit3

118 1820 188 1899 ipsa
202 1820 287 1883 subit
300 1819 507 1896 manibusque
520 1818 670 1878 undantis
684 1818 784 1878 flectit
798 1819 946 1895 habenas,
1098 1833 1127 1880 10

118 1923 231 1978 cuneta
244 1935 362 1993 gerens,
376 1933 546 1992 vocemque
561 1920 593 1975 et
607 1934 718 1992 corpus
733 1920 765 1974 et
779 1934 866 1975 arma
880 1915 1016 1978 Metisci.

118 2014 208 2090 nigra
221 2014 309 2073 velut
322 2030 451 2088 magnas
466 2011 670 2072 dominicum
685 2011 795 2073 divitis
810 2012 902 2073 aedes

118 2110 260 2189 pervolat
274 2115 306 2168 et
319 2109 425 2187 pinnis
440 2108 506 2168 alta
519 2108 601 2168 atria
614 2109 730 2168 lustrat
743 2108 888 2183 hirundo,

20 2265 22 2271 ,
118 2207 234 2286 pabula
247 2224 344 2284 parva
359 2205 465 2281 legens
479 2205 626 2281 nidisque
641 2205 824 2282 loquacibus
839 2224 935 2282 escas,

118 2309 150 2363 ct
164 2321 245 2362 nunc
260 2301 432 2380 porticibus
445 2301 563 2375 vacuis,
578 2320 661 2361 nunc
675 2302 784 2362 umida
797 2301 914 2362 circum
1098 2317 1126 2364 lt

119 2405 231 2476 stagna
244 2405 348 2459 sonat:
372 2397 486 2458 similis
500 2398 619 2458 medios
634 2398 769 2458 Iuturna
783 2418 839 2476 per
851 2398 953 2460 hostis

118 2497 220 2556 fertur
233 2495 321 2573 equis
336 2495 508 2573 rapidoque
523 2495 632 2555 volans
648 2495 714 2555 obit
728 2496 834 2555 omnia
847 2515 948 2572 curru,

118 2593 242 2670 iamque
256 2592 307 2652 hic
323 2611 504 2668 germanum
519 2591 644 2669 iamque
658 2592 709 2653 hic
724 2597 863 2653 ostentat
877 2598 1033 2671 ovantem,

118 2709 175 2751 nec
189 2690 330 2750 conferre
345 2707 473 2748 manum
487 2689 615 2766 patitur,
631 2688 718 2748 volat
732 2689 803 2748 avia
817 2689 917 2765 longe.

117 2786 203 2847 haud
217 2786 320 2846 minus
334 2786 458 2846 Aeneas
472 2790 572 2846 tortos
587 2784 665 2861 legit
680 2785 790 2845 obvius
805 2786 894 2846 orbes
1097 2802 1127 2848 20

118 2882 316 2960 vestigatque
330 2882 432 2941 virum
448 2887 480 2941 et
494 2881 626 2942 disiecta
640 2901 695 2959 per
710 2881 836 2957 agmina
849 2901 963 2958 magna

119 2998 193 3040 voce
207 2984 306 3038 vocat.
349 2978 494 3055 quotiens
509 2978 614 3038 oculos
629 2978 762 3037 coniecit
776 2978 809 3036 in
821 2977 946 3039 hostem

156 3162 481 3220 ultramuraneum.
513 3166 534 3210 ⁷.
551 3161 795 3222 tingamus-like.
825 3165 846 3210 8.
862 3162 932 3219 lora,
940 3165 1019 3211 roias.
1047 3167 1071 3211 9.
1087 3168 1126 3214 ts·

118 3244 204 3288 mone,
225 3233 288 3290 pole,
311 3237 413 3289 longae.
445 3233 480 3278 10.
501 3229 639 3286 undantis,
656 3233 772 3289 flowing.
804 3233 839 3278 13.
860 3230 986 3288 hirundo,
1003 3233 1123 3280 cwollow.

119 3304 155 3348 14.
176 3299 256 3356 nidis,
273 3304 342 3355 treet,⁴
354 3312 450 3357 young.
482 3302 517 3344 14.
538 3310 624 3356 escas,
638 3300 710 3356 sood.
741 3301 776 3345 16.
799 3300 907 3358 stagna,
919 3302 960 3347 te.
972 3302 1017 3347 the
1033 3302 1121 3362 implu·

118 3369 199 3417 vium.
230 3371 265 3414 18.
287 3365 422 3423 ovantem,
435 3367 606 3423 triumphant.
637 3368 674 3413 20.
694 3367 791 3423 tortos,
802 3368 928 3425 uindico.
