2484 3876
113 191 256 258 437-631.]
392 192 467 242 THE
491 191 608 243 STORY
632 191 678 241 OF
700 191 854 242 TURNUS.

114 355 339 433 alipedumque
354 355 464 430 fugam
478 373 571 415 eursu
585 353 754 432 temptavit
768 371 929 430 equorum,

115 471 243 513 aversos
257 451 374 511 totiens
390 470 499 512 currus
513 453 647 510 Iuturna
661 450 796 510 retorsit.

114 551 187 624 heu,
203 549 281 626 quid
295 551 394 624 agat?
415 549 503 609 vario
517 548 707 625 nequiquam
721 546 855 607 fluctuat
870 552 960 608 aestu

115 646 320 724 diversaeque
336 651 448 706 vocant
463 644 602 704 animum
617 644 651 702 in
665 644 822 704 contraria
835 661 935 704 curae.

115 892 226 942 Aeneas
237 890 291 941 and
302 891 418 950 inmus,
432 889 495 939 thus
507 888 573 951 kept
584 893 671 951 apert,
685 887 752 952 flght
763 888 793 937 in
804 886 931 938 different
944 892 1019 950 parts
1035 887 1064 938 of
1078 888 1125 938 the

115 973 188 1022 field.
226 974 265 1022 At
281 973 333 1022 last
345 974 452 1021 Aeneas
464 971 569 1021 attacks
580 972 627 1020 the
638 971 695 1033 city
706 971 735 1020 oi
752 970 798 1020 the
812 970 917 1020 Latius.
952 971 986 1019 In
1002 971 1048 1020 the
1066 970 1125 1021 iace

116 1055 146 1105 oi
162 1055 218 1105 this
235 1069 296 1104 new
312 1055 427 1104 disaster
444 1054 490 1103 the
507 1054 603 1103 Latino
621 1066 666 1103 are
681 1052 909 1103 horror-strichen
928 1058 956 1102 to
972 1052 1048 1102 leam
1065 1052 1125 1103 that

115 1138 163 1186 the
176 1151 263 1200 queen
274 1137 375 1186 Amata
386 1137 435 1186 has
446 1135 603 1186 committed
615 1134 726 1198 suicide,
741 1150 793 1186 x11.
806 1135 930 1185 488-613.

121 1273 239 1330 Turnus,
254 1261 735 1334 111111111111111111111111111111
751 1275 778 1320 to
796 1270 825 1320 he
840 1270 884 1319 his
899 1271 979 1320 sister
994 1269 1124 1327 Juturna,

116 1354 274 1417 reproaches
286 1354 334 1403 hor
346 1354 395 1416 sor
406 1355 571 1416 restratm'ho
583 1353 648 1413 him,
663 1366 715 1401 x11.
729 1351 854 1401 614-649.

158 1486 285 1545 Interea
298 1490 439 1545 extremo
453 1485 585 1544 bellator
600 1484 634 1542 in
648 1502 782 1561 aequore
796 1486 922 1544 Turnus
1109 1495 1125 1541 1

115 1583 256 1662 palantis
272 1582 414 1659 sequitur
428 1600 543 1659 paucos
558 1581 622 1640 iam
637 1580 762 1656 segnior
776 1585 871 1658 atque

116 1681 181 1740 iam
196 1679 299 1739 minus
315 1685 409 1755 atque
424 1677 527 1737 minus
543 1696 688 1737 successu
702 1676 803 1738 laetus
817 1695 976 1754 equorum.

117 1776 227 1837 attulit
240 1776 302 1835 huc
316 1774 365 1834 illi
380 1774 480 1835 111111
495 1773 668 1834 terroribus
683 1792 760 1834 aura

117 1872 322 1933 commixtum
337 1872 503 1930 clamorem
518 1876 716 1948 arrectasque
731 1869 859 1948 impulit
874 1855 957 1929 auris

118 1969 268 2030 confusae
283 1988 377 2029 sonus
392 1968 479 2028 urbis
494 1973 526 2027 et
540 1967 722 2027 inlaetabile
737 1986 885 2026 murmur.
1096 1976 1126 2023 10

120 2067 176 2126 ‘Ei
190 2066 284 2126 mihi!
308 2065 386 2142 quid
399 2071 488 2125 tanto
503 2066 670 2125 turbantur
683 2063 808 2123 moenia
820 2063 934 2123 luctu?

118 2163 229 2241 quisve
244 2163 309 2222 ruit
323 2167 431 2222 tantus
446 2162 572 2222 diversa
585 2161 700 2220 clamor
716 2161 754 2220 ab
768 2161 844 2220 urbe
854 2160 891 2219 ?'

119 2261 165 2321 sio
179 2260 224 2319 111
238 2258 445 2336 adductisque
461 2276 567 2318 amens
582 2257 728 2317 subsistit
741 2256 880 2316 habenis.

119 2364 214 2434 atque
228 2356 310 2431 huic,
325 2356 360 2413 in
374 2355 488 2415 faciem
504 2373 589 2414 soror
604 2358 640 2412 ut
653 2371 803 2413 conversa
816 2351 944 2412 Metisci

119 2453 245 2530 aurigae
260 2470 446 2529 currumque
461 2457 493 2511 11
507 2469 603 2528 equos
618 2455 650 2510 et
664 2450 731 2509 lora
744 2449 880 2527 regebat,
1097 2461 1126 2508 11

118 2550 236 2610 talibus
251 2549 386 2610 occurrit
400 2548 509 2609 dictis:
533 2549 630 2623 ‘Hao,
646 2549 759 2622 Turne,
775 2564 942 2623 sequamur

119 2646 321 2722 Troiugenas,
338 2665 400 2723 qua
414 2644 613 2724 primariam
628 2643 760 2703 victoria
773 2642 902 2720 pandit:

121 2743 273 2818 nantolii,
289 2743 344 2820 qui
358 2748 443 2802 tecta
456 2760 551 2801 manu
566 2740 734 2800 defendere
749 2739 880 2817 possint.

120 2840 240 2915 ingruit
254 2840 377 2900 Aeneas
392 2838 485 2898 Italis
500 2844 532 2896 et
546 2837 665 2915 proelia
678 2836 805 2897 miscet:

120 2933 897 2996 1111111111111111111111111111111Τ111111.
1096 2944 1127 2992 11

120 3052 177 3091 nec
192 3052 321 3092 numero
335 3032 475 3106 inferior,
491 3049 613 3109 pugnae
628 3049 684 3090 nee
698 3030 816 3093 honore
831 3030 975 3091 recedes!

121 3131 247 3190 Turnus
262 3130 302 3189 ad
316 3129 409 3189 haec:

150 3309 172 3353 1.
194 3305 340 3364 alipedum,
366 3306 540 3363 othy-footed.
571 3307 593 3352 6.
615 3302 745 3363 palantis,
774 3302 924 3362 1111911111.
955 3305 992 3351 10.
1012 3301 1127 3353 inlutus

120 3372 183 3432 bile,
190 3375 297 3433 Jogleoa
328 3376 364 3421 19.
385 3372 658 3434 ingruitsallsupoa.
689 3374 726 3418 21.
746 3369 864 3430 recedes,
876 3371 1019 3420 withdraw.
