2484 3876
182 173 222 234 28
521 171 675 222 VERGILI
698 171 840 222 auuuls.
1045 174 1140 239 [Boou
1150 173 1178 224 X.
1231 230 1234 243 Ι

183 336 319 410 advolat,
334 335 420 394 haud
434 335 496 394 alia
510 340 559 394 est
573 335 672 393 Turni
686 335 842 394 venientis
857 335 969 410 imago.

183 431 266 492 huno
280 432 334 491 ubi
348 431 529 508 contiguum
544 431 658 491 missae
673 431 740 490 fore
755 431 890 491 credidit
903 431 1024 507 hastae,

183 529 228 588 ire
243 529 328 606 prior
342 528 458 602 Pallas,
474 528 502 588 si
517 547 579 605 qua
592 528 658 588 fors
673 527 802 587 adiuvet
816 547 926 588 ausum

183 625 302 685 viribus
317 625 499 702 imparibus,
515 643 724 702 magnumque
738 625 784 684 ita
798 625 838 683 ad
852 624 979 684 aethera
992 626 1100 685 fatur:

186 727 193 757 ‘
202 723 263 781 Per
277 722 376 799 patris
392 721 563 799 hospitium
579 727 611 781 et
625 739 758 796 mensas,
774 739 851 798 quas
866 721 988 781 advena
1002 721 1112 799 adisti,
1173 733 1186 778 t

184 823 216 878 te
231 837 346 896 precor,
362 818 482 893 Alcide,
498 819 616 896 coeptis
631 817 813 893 ingentibus
828 817 921 877 adsis.

185 921 291 975 cernat
306 915 453 976 semineci
468 915 529 975 sibi
543 933 592 973 me
608 932 716 992 rapere
731 933 818 973 arma
831 919 961 974 cruenta

184 1012 395 1090 victoremque
409 1013 514 1072 ferant
528 1011 695 1072 morientia
708 1011 830 1070 lumina
843 1011 962 1069 Turni!

185 1109 286 1169 audiit
299 1108 427 1169 Alcides
442 1109 586 1168 iuvenem
601 1127 810 1185 magnumque
825 1108 883 1168 sub
896 1107 960 1166 imo

185 1205 276 1265 corde
291 1205 405 1282 premit
420 1205 568 1280 gemitum
583 1205 789 1282 lacrimasque
803 1204 939 1263 effundit
952 1203 1069 1266 inanis.

184 1307 253 1361 tum
267 1301 388 1379 genitor
403 1306 512 1360 natum
527 1301 619 1362 dictis
634 1302 761 1361 adfatur
775 1301 901 1361 amicis:

187 1399 273 1458 ‘Stat
288 1416 344 1458 sua
358 1397 470 1474 cuique
485 1397 561 1473 dies,
577 1399 670 1458 breve
684 1404 716 1458 et
730 1397 938 1475 inreparabile
952 1403 1079 1476 tempus

186 1495 328 1555 omnibus
344 1500 392 1554 est
406 1494 508 1570 vitae3
531 1495 586 1554 sed
600 1495 717 1554 famam
732 1495 900 1554 extendere
914 1494 1019 1570 factis,

184 1592 243 1652 hoc
257 1592 384 1653 virtutis
399 1610 485 1669 opus.
529 1591 640 1651 Troiae
656 1592 713 1652 sub
728 1591 888 1651 moenibus
903 1591 978 1651 altis

185 1694 233 1747 tot
246 1689 313 1748 nati
327 1688 465 1748 cecidere
480 1688 590 1763 deum;
612 1688 690 1765 quin
704 1688 818 1747 occidit
832 1706 895 1747 una

187 1785 353 1862 Sarpedon,
370 1803 439 1844 mea
453 1784 624 1862 progenies.
668 1784 761 1844 etiam
777 1803 834 1844 sua
848 1786 989 1844 Turnum

184 1882 253 1941 iata
266 1887 380 1941 vocant
393 1886 555 1958 metasque
570 1881 637 1940 dati
651 1881 795 1958 pervenit
809 1882 849 1940 ad
864 1880 952 1940 aevi!

186 1979 230 2039 sic
245 1978 290 2038 ait
304 1983 398 2056 atque
412 1978 517 2038 oculos
531 1977 720 2037 Rutulorum
734 1978 825 2037 reicit
839 1978 931 2038 arvis.

186 2081 218 2135 at
232 2075 339 2134 Pallas
353 2075 475 2150 magnis
490 2074 609 2134 emittit
622 2074 742 2134 viribus
756 2075 881 2134 hastam

185 2172 361 2249 vaginaque
375 2190 452 2231 cava
465 2171 639 2247 fulgentem
655 2171 770 2248 deripit
784 2189 898 2230 ensem.
1024 2240 1027 2245 Ι

169 2324 172 2329 .
184 2267 242 2327 illa
255 2268 374 2342 volans,
389 2268 489 2327 umeri
504 2272 636 2342 surgrmt
650 2286 713 2345 qua
725 2267 865 2342 tegmina
879 2285 1010 2343 summa,

185 2364 297 2423 incidit
311 2369 405 2441 atque
419 2364 503 2423 viam
518 2363 612 2440 clipei
626 2364 737 2423 molita
749 2383 805 2441 per
820 2382 889 2424 oras

185 2461 312 2520 tandem
327 2460 421 2519 etiam
435 2478 548 2535 magno
563 2459 692 2519 strinxit
706 2461 744 2519 de
759 2478 886 2538 corpore
900 2459 1008 2519 Turni.

185 2556 236 2616 hic
250 2558 374 2616 Turnus
389 2557 473 2615 ferro
488 2555 659 2633 praefixum
675 2557 768 2616 robur
782 2562 871 2616 acuto

185 2652 219 2711 in
232 2652 380 2713 Pallanta
394 2653 447 2712 diu
462 2652 580 2713 librans
595 2652 671 2712 iacit
684 2657 778 2730 atque
793 2653 839 2713 ita
852 2653 956 2713 fatur:

187 2749 327 2827 ‘Aspice,
342 2769 419 2809 num
433 2768 522 2825 mage
538 2749 580 2809 sit
593 2754 735 2808 nostrum
750 2750 944 2827 penetrabile
958 2749 1078 2810 telum!
1134 2770 1136 2774 ⁴

186 2839 324 2922 dixerat3
346 2851 379 2906 at
393 2846 538 2923 clipeum,
553 2851 601 2905 tot
615 2846 692 2904 ferri
706 2850 803 2921 terga,
818 2851 866 2906 tot
880 2845 971 2922 aeris,

185 2961 278 3020 quem
292 2942 385 3020 pellis
400 2942 516 3002 totiens
531 2943 622 3002 obeat
636 2942 830 3002 circumdata
842 2943 936 3017 tauri,

222 3100 245 3145 2.
266 3095 473 3157 contiguum,in
487 3098 572 3144 recob.
603 3099 625 3142 6.
647 3095 747 3152 Alcide,
764 3097 895 3143 Hercules.
927 3099 963 3143 11.
986 3095 1101 3156 genitor,
1117 3099 1190 3158 Jupi-

184 3172 231 3212 ter.
263 3168 299 3212 16.
321 3164 466 3223 Sarpedon,
484 3178 531 3211 son
547 3165 575 3210 oi
591 3164 693 3222 Jupiter
710 3165 761 3211 and
778 3165 889 3223 Europa,
908 3165 975 3211 slain
993 3167 1027 3224 by
1045 3167 1188 3214 Patroclus.

184 3236 220 3280 17.
241 3236 338 3289 metas,
364 3233 432 3291 goul,
458 3235 514 3280 end.
549 3234 585 3277 22.
604 3231 709 3288 molita,
736 3234 846 3289 cortino.
882 3234 919 3278 23.
941 3231 1063 3289 strinxit,
1084 3236 1188 3292 grozed.

184 3303 220 3347 25.
241 3299 356 3358 librans,
374 3301 521 3357 balaneion
557 3301 594 3345 26.
615 3300 827 3358 mage=mogta
863 3300 900 3345 26.
920 3299 1100 3358 penetrabile,
1113 3314 1191 3360 penc-

185 3369 292 3427 troting.
323 3370 360 3416 27.
380 3369 469 3427 terga,
481 3366 643 3414 tbiolcoecsec.
671 3368 707 3412 28.
728 3365 816 3423 cheat,
827 3367 1008 3423 ooesoroond.
