<?xml version="1.0" encoding="UTF-8"?>
<!DOCTYPE html PUBLIC "-//W3C//DTD XHTML 1.0 Transitional//EN"
    "http://www.w3.org/TR/xhtml1/DTD/xhtml1-transitional.dtd">
<html xmlns="http://www.w3.org/1999/xhtml" xml:lang="en" lang="en">
 <head>
  <title>
</title>
<meta http-equiv="Content-Type" content="text/html;charset=utf-8" />
  <meta name='ocr-system' content='tesseract 3.04.00' />
  <meta name='ocr-capabilities' content='ocr_page ocr_carea ocr_par ocr_line ocrx_word'/>
</head>
<body>
  <div class='ocr_page' id='page_1' title='image "./storyturnusfrom00virggoog_0058.png"; bbox 0 0 2484 3876; ppageno 0'>
   <div class='ocr_carea' id='block_1_1' title="bbox 195 186 1190 254">
    <p class='ocr_par' dir='ltr' id='par_1_1' title="bbox 195 186 1190 254">
     <span class='ocr_line' id='line_1_1' title="bbox 195 186 1190 254; baseline 0.001 -17"><span class='ocrx_word' id='word_1_1' title='bbox 195 188 236 247; x_wconf 84' lang='lat'>44</span> <span class='ocrx_word' id='word_1_2' title='bbox 531 188 685 239; x_wconf 81' lang='lat' dir='ltr'>vuncui</span> <span class='ocrx_word' id='word_1_3' title='bbox 709 186 851 238; x_wconf 74' lang='lat' dir='ltr'>sunnis.</span> <span class='ocrx_word' id='word_1_4' title='bbox 1041 188 1190 254; x_wconf 69' lang='lat' dir='ltr'>[nooxxi</span> 
     </span>
    </p>
   </div>
   <div class='ocr_carea' id='block_1_2' title="bbox 200 346 1193 403">
    <p class='ocr_par' dir='ltr' id='par_1_2' title="bbox 200 346 1193 403">
     <span class='ocr_line' id='line_1_2' title="bbox 200 346 1193 403; baseline 0.001 -1"><span class='ocrx_word' id='word_1_5' title='bbox 200 352 307 402; x_wconf 80' lang='lat' dir='ltr'>Turnus</span> <span class='ocrx_word' id='word_1_6' title='bbox 326 353 381 402; x_wconf 81' lang='lat' dir='ltr'>aad</span> <span class='ocrx_word' id='word_1_7' title='bbox 404 351 523 403; x_wconf 77' lang='lat' dir='ltr'>Camillo</span> <span class='ocrx_word' id='word_1_8' title='bbox 545 346 632 403; x_wconf 80' lang='lat' dir='ltr'>divide</span> <span class='ocrx_word' id='word_1_9' title='bbox 652 353 695 402; x_wconf 80' lang='lat' dir='ltr'>the</span> <span class='ocrx_word' id='word_1_10' title='bbox 715 353 862 403; x_wconf 79' lang='lat' dir='ltr'><em>command.</em></span> <span class='ocrx_word' id='word_1_11' title='bbox 911 351 1031 403; x_wconf 76' lang='lat' dir='ltr'>Camilla</span> <span class='ocrx_word' id='word_1_12' title='bbox 1055 359 1136 403; x_wconf 77' lang='lat' dir='ltr'>meets</span> <span class='ocrx_word' id='word_1_13' title='bbox 1156 353 1193 403; x_wconf 78' lang='lat' dir='ltr'>tte</span> 
     </span>
    </p>
   </div>
   <div class='ocr_carea' id='block_1_3' title="bbox 194 435 1193 578">
    <p class='ocr_par' dir='ltr' id='par_1_3' title="bbox 194 435 1193 578">
     <span class='ocr_line' id='line_1_3' title="bbox 200 435 1193 498; baseline 0.001 -14"><span class='ocrx_word' id='word_1_14' title='bbox 200 435 310 496; x_wconf 67' lang='lat' dir='ltr'>trojans</span> <span class='ocrx_word' id='word_1_15' title='bbox 333 449 368 485; x_wconf 84' lang='lat' dir='ltr'>on</span> <span class='ocrx_word' id='word_1_16' title='bbox 391 436 433 484; x_wconf 81' lang='lat' dir='ltr'>the</span> <span class='ocrx_word' id='word_1_17' title='bbox 457 437 538 498; x_wconf 82' lang='lat' dir='ltr'>plaia</span> <span class='ocrx_word' id='word_1_18' title='bbox 560 437 638 486; x_wconf 80' lang='lat' dir='ltr'>while</span> <span class='ocrx_word' id='word_1_19' title='bbox 669 435 777 485; x_wconf 84' lang='lat' dir='ltr'>Turnus</span> <span class='ocrx_word' id='word_1_20' title='bbox 801 448 929 498; x_wconf 81' lang='lat' dir='ltr'>properes</span> <span class='ocrx_word' id='word_1_21' title='bbox 953 449 990 485; x_wconf 82' lang='lat' dir='ltr'>au</span> <span class='ocrx_word' id='word_1_22' title='bbox 1013 435 1131 486; x_wconf 71' lang='lat' dir='ltr'>amburat</span> <span class='ocrx_word' id='word_1_23' title='bbox 1152 436 1193 498; x_wconf 82' lang='lat' dir='ltr'>sor</span> 
     </span>
     <span class='ocr_line' id='line_1_4' title="bbox 194 515 502 578; baseline -0.006 -10"><span class='ocrx_word' id='word_1_24' title='bbox 194 518 307 578; x_wconf 80' lang='lat' dir='ltr'><em>Aeneas,</em></span> <span class='ocrx_word' id='word_1_25' title='bbox 321 532 362 568; x_wconf 85' lang='lat' dir='ltr'>x1.</span> <span class='ocrx_word' id='word_1_26' title='bbox 379 515 502 566; x_wconf 78' lang='lat'>486-531.</span> 
     </span>
    </p>
   </div>
   <div class='ocr_carea' id='block_1_4' title="bbox 193 633 1202 2548">
    <p class='ocr_par' dir='ltr' id='par_1_4' title="bbox 194 633 1032 712">
     <span class='ocr_line' id='line_1_5' title="bbox 194 633 1032 712; baseline -0.002 -16"><span class='ocrx_word' id='word_1_27' title='bbox 194 634 338 709; x_wconf 83' lang='lat' dir='ltr'>Cingitur</span> <span class='ocrx_word' id='word_1_28' title='bbox 351 635 419 712; x_wconf 88' lang='lat' dir='ltr'>ipse</span> <span class='ocrx_word' id='word_1_29' title='bbox 434 634 543 693; x_wconf 86' lang='lat' dir='ltr'>furens</span> <span class='ocrx_word' id='word_1_30' title='bbox 557 633 701 692; x_wconf 76' lang='lat' dir='ltr'>certatim</span> <span class='ocrx_word' id='word_1_31' title='bbox 715 633 750 692; x_wconf 92' lang='lat' dir='ltr'>in</span> <span class='ocrx_word' id='word_1_32' title='bbox 763 633 884 711; x_wconf 89' lang='lat' dir='ltr'>proelia</span> <span class='ocrx_word' id='word_1_33' title='bbox 897 635 1032 694; x_wconf 85' lang='lat' dir='ltr'>Turnus.</span> 
     </span>
    </p>

    <p class='ocr_par' dir='ltr' id='par_1_5' title="bbox 193 730 940 809">
     <span class='ocr_line' id='line_1_6' title="bbox 193 730 940 809; baseline 0.003 -20"><span class='ocrx_word' id='word_1_34' title='bbox 193 732 318 809; x_wconf 86' lang='lat' dir='ltr'>iamque</span> <span class='ocrx_word' id='word_1_35' title='bbox 331 732 409 791; x_wconf 86' lang='lat' dir='ltr'>adeo</span> <span class='ocrx_word' id='word_1_36' title='bbox 422 731 553 789; x_wconf 89' lang='lat' dir='ltr'>rutilum</span> <span class='ocrx_word' id='word_1_37' title='bbox 568 730 696 790; x_wconf 85' lang='lat' dir='ltr'>thoraca</span> <span class='ocrx_word' id='word_1_38' title='bbox 708 730 838 790; x_wconf 90' lang='lat' dir='ltr'>indutus</span> <span class='ocrx_word' id='word_1_39' title='bbox 853 730 940 791; x_wconf 77' lang='lat' dir='ltr'>aenis</span> 
     </span>
    </p>

    <p class='ocr_par' dir='ltr' id='par_1_6' title="bbox 194 828 939 906">
     <span class='ocr_line' id='line_1_7' title="bbox 194 828 939 906; baseline 0 -20"><span class='ocrx_word' id='word_1_40' title='bbox 194 828 340 889; x_wconf 85' lang='lat' dir='ltr'>horrebat</span> <span class='ocrx_word' id='word_1_41' title='bbox 354 828 493 906; x_wconf 79' lang='lat' dir='ltr'>squamis</span> <span class='ocrx_word' id='word_1_42' title='bbox 508 846 657 904; x_wconf 91' lang='lat' dir='ltr'>surasque</span> <span class='ocrx_word' id='word_1_43' title='bbox 671 828 842 888; x_wconf 86' lang='lat' dir='ltr'>incluserat</span> <span class='ocrx_word' id='word_1_44' title='bbox 855 845 939 903; x_wconf 77' lang='lat' dir='ltr'>autc,</span> 
     </span>
    </p>

    <p class='ocr_par' dir='ltr' id='par_1_7' title="bbox 194 922 1196 1195">
     <span class='ocr_line' id='line_1_8' title="bbox 194 922 1060 1002; baseline -0.002 -17"><span class='ocrx_word' id='word_1_45' title='bbox 194 931 334 1002; x_wconf 90' lang='lat' dir='ltr'>tempora</span> <span class='ocrx_word' id='word_1_46' title='bbox 347 925 450 984; x_wconf 90' lang='lat' dir='ltr'>nudus</span> <span class='ocrx_word' id='word_1_47' title='bbox 465 923 575 999; x_wconf 86' lang='lat' dir='ltr'>adhuc,</span> <span class='ocrx_word' id='word_1_48' title='bbox 590 924 743 1001; x_wconf 88' lang='lat' dir='ltr'>laterique</span> <span class='ocrx_word' id='word_1_49' title='bbox 759 922 936 983; x_wconf 79' lang='lat' dir='ltr'>accinxerat</span> <span class='ocrx_word' id='word_1_50' title='bbox 950 940 1060 985; x_wconf 83' lang='lat' dir='ltr'>ensem</span> 
     </span>
     <span class='ocr_line' id='line_1_9' title="bbox 195 1022 1196 1098; baseline 0 -18"><span class='ocrx_word' id='word_1_51' title='bbox 195 1022 398 1098; x_wconf 85' lang='lat' dir='ltr'>fulgebatque</span> <span class='ocrx_word' id='word_1_52' title='bbox 413 1022 478 1080; x_wconf 88' lang='lat' dir='ltr'>alta</span> <span class='ocrx_word' id='word_1_53' title='bbox 492 1022 657 1080; x_wconf 88' lang='lat' dir='ltr'>decurrens</span> <span class='ocrx_word' id='word_1_54' title='bbox 673 1039 784 1081; x_wconf 85' lang='lat' dir='ltr'>aureus</span> <span class='ocrx_word' id='word_1_55' title='bbox 799 1039 871 1080; x_wconf 85' lang='lat' dir='ltr'>arce</span> <span class='ocrx_word' id='word_1_56' title='bbox 1182 1031 1196 1080; x_wconf 80' lang='grc'>1</span> 
     </span>
     <span class='ocr_line' id='line_1_10' title="bbox 195 1116 1041 1195; baseline -0.001 -18"><span class='ocrx_word' id='word_1_57' title='bbox 195 1118 394 1195; x_wconf 85' lang='lat' dir='ltr'>exsultatque</span> <span class='ocrx_word' id='word_1_58' title='bbox 409 1117 522 1177; x_wconf 91' lang='lat' dir='ltr'>animis</span> <span class='ocrx_word' id='word_1_59' title='bbox 537 1123 568 1176; x_wconf 88' lang='lat' dir='ltr'>et</span> <span class='ocrx_word' id='word_1_60' title='bbox 583 1136 638 1195; x_wconf 90' lang='lat' dir='ltr'>spe</span> <span class='ocrx_word' id='word_1_61' title='bbox 652 1117 715 1176; x_wconf 88' lang='lat' dir='ltr'>iam</span> <span class='ocrx_word' id='word_1_62' title='bbox 730 1117 884 1194; x_wconf 86' lang='lat' dir='ltr'>praecipit</span> <span class='ocrx_word' id='word_1_63' title='bbox 897 1116 1041 1178; x_wconf 89' lang='lat' dir='ltr'>hostem:</span> 
     </span>
    </p>

    <p class='ocr_par' dir='ltr' id='par_1_8' title="bbox 195 1212 945 1292">
     <span class='ocr_line' id='line_1_11' title="bbox 195 1212 945 1292; baseline 0 -19"><span class='ocrx_word' id='word_1_64' title='bbox 195 1214 298 1292; x_wconf 82' lang='lat' dir='ltr'>qualis</span> <span class='ocrx_word' id='word_1_65' title='bbox 311 1214 366 1273; x_wconf 92' lang='lat' dir='ltr'>ubi</span> <span class='ocrx_word' id='word_1_66' title='bbox 380 1214 521 1292; x_wconf 87' lang='lat' dir='ltr'>abruptis</span> <span class='ocrx_word' id='word_1_67' title='bbox 536 1214 621 1290; x_wconf 86' lang='lat' dir='ltr'>fugit</span> <span class='ocrx_word' id='word_1_68' title='bbox 634 1213 818 1291; x_wconf 87' lang='lat' dir='ltr'>praesaepia</span> <span class='ocrx_word' id='word_1_69' title='bbox 831 1212 945 1273; x_wconf 87' lang='lat' dir='ltr'>vinclis</span> 
     </span>
    </p>

    <p class='ocr_par' dir='ltr' id='par_1_9' title="bbox 195 1311 969 1389">
     <span class='ocr_line' id='line_1_12' title="bbox 195 1311 969 1389; baseline -0.001 -18"><span class='ocrx_word' id='word_1_70' title='bbox 195 1312 321 1371; x_wconf 89' lang='lat' dir='ltr'>tandem</span> <span class='ocrx_word' id='word_1_71' title='bbox 335 1311 415 1371; x_wconf 87' lang='lat' dir='ltr'>liber</span> <span class='ocrx_word' id='word_1_72' title='bbox 428 1330 526 1389; x_wconf 91' lang='lat' dir='ltr'>equus</span> <span class='ocrx_word' id='word_1_73' title='bbox 541 1329 711 1388; x_wconf 88' lang='lat' dir='ltr'>campoque</span> <span class='ocrx_word' id='word_1_74' title='bbox 725 1311 845 1388; x_wconf 88' lang='lat' dir='ltr'>potitus</span> <span class='ocrx_word' id='word_1_75' title='bbox 859 1315 969 1388; x_wconf 87' lang='lat' dir='ltr'>aperto</span> 
     </span>
    </p>

    <p class='ocr_par' dir='ltr' id='par_1_10' title="bbox 196 1407 991 1485">
     <span class='ocr_line' id='line_1_13' title="bbox 196 1407 991 1485; baseline -0.001 -18"><span class='ocrx_word' id='word_1_76' title='bbox 196 1413 251 1467; x_wconf 89' lang='lat' dir='ltr'>aut</span> <span class='ocrx_word' id='word_1_77' title='bbox 264 1408 319 1466; x_wconf 90' lang='lat' dir='ltr'>ille</span> <span class='ocrx_word' id='word_1_78' title='bbox 333 1407 368 1467; x_wconf 93' lang='lat' dir='ltr'>in</span> <span class='ocrx_word' id='word_1_79' title='bbox 382 1413 491 1485; x_wconf 88' lang='lat' dir='ltr'>pastus</span> <span class='ocrx_word' id='word_1_80' title='bbox 506 1413 708 1485; x_wconf 85' lang='lat' dir='ltr'>armentaque</span> <span class='ocrx_word' id='word_1_81' title='bbox 721 1407 826 1466; x_wconf 88' lang='lat' dir='ltr'>tendit</span> <span class='ocrx_word' id='word_1_82' title='bbox 839 1425 991 1484; x_wconf 86' lang='lat' dir='ltr'>equarum</span> 
     </span>
    </p>

    <p class='ocr_par' dir='ltr' id='par_1_11' title="bbox 196 1502 921 1581">
     <span class='ocr_line' id='line_1_14' title="bbox 196 1502 921 1581; baseline -0.001 -17"><span class='ocrx_word' id='word_1_83' title='bbox 196 1510 250 1564; x_wconf 89' lang='lat' dir='ltr'>aut</span> <span class='ocrx_word' id='word_1_84' title='bbox 264 1505 411 1564; x_wconf 88' lang='lat' dir='ltr'>adsuetus</span> <span class='ocrx_word' id='word_1_85' title='bbox 426 1523 525 1581; x_wconf 85' lang='lat' dir='ltr'>aquae</span> <span class='ocrx_word' id='word_1_86' title='bbox 539 1504 689 1580; x_wconf 84' lang='lat' dir='ltr'>perfundi</span> <span class='ocrx_word' id='word_1_87' title='bbox 702 1502 832 1563; x_wconf 90' lang='lat' dir='ltr'>flumine</span> <span class='ocrx_word' id='word_1_88' title='bbox 846 1508 921 1563; x_wconf 89' lang='lat' dir='ltr'>noto</span> 
     </span>
    </p>

    <p class='ocr_par' dir='ltr' id='par_1_12' title="bbox 197 1599 901 1678">
     <span class='ocr_line' id='line_1_15' title="bbox 197 1599 901 1678; baseline 0 -19"><span class='ocrx_word' id='word_1_89' title='bbox 197 1601 309 1660; x_wconf 91' lang='lat' dir='ltr'>emicat</span> <span class='ocrx_word' id='word_1_90' title='bbox 323 1601 513 1678; x_wconf 88' lang='lat' dir='ltr'>arrectisque</span> <span class='ocrx_word' id='word_1_91' title='bbox 527 1600 637 1659; x_wconf 87' lang='lat' dir='ltr'>fremit</span> <span class='ocrx_word' id='word_1_92' title='bbox 650 1599 823 1661; x_wconf 87' lang='lat' dir='ltr'>cervicibus</span> <span class='ocrx_word' id='word_1_93' title='bbox 837 1599 901 1659; x_wconf 88' lang='lat' dir='ltr'>alte</span> 
     </span>
    </p>

    <p class='ocr_par' dir='ltr' id='par_1_13' title="bbox 197 1696 1034 1774">
     <span class='ocr_line' id='line_1_16' title="bbox 197 1696 1034 1774; baseline 0.002 -19"><span class='ocrx_word' id='word_1_94' title='bbox 197 1697 367 1772; x_wconf 86' lang='lat' dir='ltr'>luxurians,</span> <span class='ocrx_word' id='word_1_95' title='bbox 383 1697 557 1774; x_wconf 88' lang='lat' dir='ltr'>luduntque</span> <span class='ocrx_word' id='word_1_96' title='bbox 572 1697 663 1756; x_wconf 88' lang='lat' dir='ltr'>iubae</span> <span class='ocrx_word' id='word_1_97' title='bbox 678 1715 733 1774; x_wconf 89' lang='lat' dir='ltr'>per</span> <span class='ocrx_word' id='word_1_98' title='bbox 747 1696 836 1771; x_wconf 87' lang='lat' dir='ltr'>colla,</span> <span class='ocrx_word' id='word_1_99' title='bbox 851 1715 908 1774; x_wconf 89' lang='lat' dir='ltr'>per</span> <span class='ocrx_word' id='word_1_100' title='bbox 921 1714 1034 1759; x_wconf 88' lang='lat' dir='ltr'>armos.</span> 
     </span>
    </p>

    <p class='ocr_par' dir='ltr' id='par_1_14' title="bbox 197 1793 962 1854">
     <span class='ocr_line' id='line_1_17' title="bbox 197 1793 962 1854; baseline 0.001 -1"><span class='ocrx_word' id='word_1_101' title='bbox 197 1794 288 1854; x_wconf 86' lang='lat' dir='ltr'>obvia</span> <span class='ocrx_word' id='word_1_102' title='bbox 302 1793 353 1854; x_wconf 91' lang='lat' dir='ltr'>cui</span> <span class='ocrx_word' id='word_1_103' title='bbox 367 1794 550 1854; x_wconf 89' lang='lat' dir='ltr'>Volscorum</span> <span class='ocrx_word' id='word_1_104' title='bbox 565 1793 630 1852; x_wconf 92' lang='lat' dir='ltr'>acie</span> <span class='ocrx_word' id='word_1_105' title='bbox 644 1793 812 1853; x_wconf 86' lang='lat' dir='ltr'>comitante</span> <span class='ocrx_word' id='word_1_106' title='bbox 827 1793 962 1854; x_wconf 78' lang='lat' dir='ltr'>Camilla</span> 
     </span>
    </p>

    <p class='ocr_par' dir='ltr' id='par_1_15' title="bbox 197 1889 938 1967">
     <span class='ocr_line' id='line_1_18' title="bbox 197 1889 938 1967; baseline 0.001 -18"><span class='ocrx_word' id='word_1_107' title='bbox 197 1890 331 1950; x_wconf 88' lang='lat' dir='ltr'>occurrit</span> <span class='ocrx_word' id='word_1_108' title='bbox 344 1891 505 1967; x_wconf 90' lang='lat' dir='ltr'>portisque</span> <span class='ocrx_word' id='word_1_109' title='bbox 520 1890 559 1949; x_wconf 84' lang='lat' dir='ltr'>ab</span> <span class='ocrx_word' id='word_1_110' title='bbox 574 1908 652 1967; x_wconf 92' lang='lat' dir='ltr'>equo</span> <span class='ocrx_word' id='word_1_111' title='bbox 667 1890 774 1965; x_wconf 84' lang='lat' dir='ltr'>regina</span> <span class='ocrx_word' id='word_1_112' title='bbox 789 1889 846 1949; x_wconf 92' lang='lat' dir='ltr'>sub</span> <span class='ocrx_word' id='word_1_113' title='bbox 860 1889 938 1967; x_wconf 88' lang='lat' dir='ltr'>ipsis</span> 
     </span>
    </p>

    <p class='ocr_par' dir='ltr' id='par_1_16' title="bbox 197 1985 919 2065">
     <span class='ocr_line' id='line_1_19' title="bbox 197 1985 919 2065; baseline 0.001 -18"><span class='ocrx_word' id='word_1_114' title='bbox 197 1988 334 2062; x_wconf 88' lang='lat' dir='ltr'>desiluit,</span> <span class='ocrx_word' id='word_1_115' title='bbox 350 2006 443 2065; x_wconf 89' lang='lat' dir='ltr'>quam</span> <span class='ocrx_word' id='word_1_116' title='bbox 458 1992 525 2046; x_wconf 89' lang='lat' dir='ltr'>tota</span> <span class='ocrx_word' id='word_1_117' title='bbox 538 1986 646 2047; x_wconf 86' lang='lat' dir='ltr'>cohors</span> <span class='ocrx_word' id='word_1_118' title='bbox 661 1987 786 2046; x_wconf 91' lang='lat' dir='ltr'>imitata</span> <span class='ocrx_word' id='word_1_119' title='bbox 799 1985 919 2048; x_wconf 87' lang='lat' dir='ltr'>relictis</span> 
     </span>
    </p>

    <p class='ocr_par' dir='ltr' id='par_1_17' title="bbox 197 2083 931 2160">
     <span class='ocr_line' id='line_1_20' title="bbox 197 2083 931 2160; baseline -0.001 -16"><span class='ocrx_word' id='word_1_120' title='bbox 197 2085 237 2144; x_wconf 87' lang='lat' dir='ltr'>ad</span> <span class='ocrx_word' id='word_1_121' title='bbox 251 2090 366 2144; x_wconf 87' lang='lat' dir='ltr'>terram</span> <span class='ocrx_word' id='word_1_122' title='bbox 380 2083 513 2143; x_wconf 87' lang='lat' dir='ltr'>defluxit</span> <span class='ocrx_word' id='word_1_123' title='bbox 527 2083 633 2160; x_wconf 90' lang='lat' dir='ltr'>equis;</span> <span class='ocrx_word' id='word_1_124' title='bbox 655 2089 723 2142; x_wconf 92' lang='lat' dir='ltr'>tum</span> <span class='ocrx_word' id='word_1_125' title='bbox 737 2083 815 2143; x_wconf 90' lang='lat' dir='ltr'>talia</span> <span class='ocrx_word' id='word_1_126' title='bbox 828 2083 931 2143; x_wconf 84' lang='lat' dir='ltr'>fatur:</span> 
     </span>
    </p>

    <p class='ocr_par' dir='ltr' id='par_1_18' title="bbox 198 2179 930 2258">
     <span class='ocr_line' id='line_1_21' title="bbox 198 2179 930 2258; baseline -0.004 -17"><span class='ocrx_word' id='word_1_127' title='bbox 198 2184 328 2257; x_wconf 62' lang='lat' dir='ltr'>‘Turne</span> <span class='ocrx_word' id='word_1_128' title='bbox 345 2181 394 2241; x_wconf 91' lang='lat' dir='ltr'>sui</span> <span class='ocrx_word' id='word_1_129' title='bbox 408 2180 521 2240; x_wconf 89' lang='lat' dir='ltr'>merito</span> <span class='ocrx_word' id='word_1_130' title='bbox 535 2181 563 2240; x_wconf 91' lang='lat' dir='ltr'>si</span> <span class='ocrx_word' id='word_1_131' title='bbox 577 2199 639 2258; x_wconf 90' lang='lat' dir='ltr'>qua</span> <span class='ocrx_word' id='word_1_132' title='bbox 653 2186 701 2241; x_wconf 88' lang='lat' dir='ltr'>est</span> <span class='ocrx_word' id='word_1_133' title='bbox 715 2180 831 2239; x_wconf 86' lang='lat' dir='ltr'>fiducia</span> <span class='ocrx_word' id='word_1_134' title='bbox 843 2179 930 2256; x_wconf 85' lang='lat' dir='ltr'>forti,</span> 
     </span>
    </p>

    <p class='ocr_par' dir='ltr' id='par_1_19' title="bbox 197 2277 1010 2354">
     <span class='ocr_line' id='line_1_22' title="bbox 197 2277 1010 2354; baseline 0 -16"><span class='ocrx_word' id='word_1_135' title='bbox 197 2279 295 2338; x_wconf 85' lang='lat' dir='ltr'>audeo</span> <span class='ocrx_word' id='word_1_136' title='bbox 310 2283 341 2336; x_wconf 93' lang='lat' dir='ltr'>et</span> <span class='ocrx_word' id='word_1_137' title='bbox 355 2277 537 2337; x_wconf 88' lang='lat' dir='ltr'>Aeneadum</span> <span class='ocrx_word' id='word_1_138' title='bbox 551 2277 701 2354; x_wconf 88' lang='lat' dir='ltr'>promitto</span> <span class='ocrx_word' id='word_1_139' title='bbox 715 2294 874 2336; x_wconf 87' lang='lat' dir='ltr'>occurrere</span> <span class='ocrx_word' id='word_1_140' title='bbox 887 2282 1010 2338; x_wconf 84' lang='lat' dir='ltr'>turmae</span> 
     </span>
    </p>

    <p class='ocr_par' dir='ltr' id='par_1_20' title="bbox 198 2373 951 2452">
     <span class='ocr_line' id='line_1_23' title="bbox 198 2373 951 2452; baseline -0.004 -17"><span class='ocrx_word' id='word_1_141' title='bbox 198 2375 324 2452; x_wconf 89' lang='lat' dir='ltr'>solaque</span> <span class='ocrx_word' id='word_1_142' title='bbox 339 2374 518 2452; x_wconf 83' lang='lat' dir='ltr'>Tyrrhenos</span> <span class='ocrx_word' id='word_1_143' title='bbox 533 2373 654 2451; x_wconf 88' lang='lat' dir='ltr'>equites</span> <span class='ocrx_word' id='word_1_144' title='bbox 669 2374 714 2432; x_wconf 91' lang='lat' dir='ltr'>ire</span> <span class='ocrx_word' id='word_1_145' title='bbox 729 2373 821 2433; x_wconf 87' lang='lat' dir='ltr'>obvia</span> <span class='ocrx_word' id='word_1_146' title='bbox 834 2379 951 2433; x_wconf 86' lang='lat' dir='ltr'>contra.</span> 
     </span>
    </p>

    <p class='ocr_par' dir='ltr' id='par_1_21' title="bbox 198 2469 1202 2548">
     <span class='ocr_line' id='line_1_24' title="bbox 198 2469 1202 2548; baseline 0 -18"><span class='ocrx_word' id='word_1_147' title='bbox 198 2490 247 2530; x_wconf 92' lang='lat' dir='ltr'>me</span> <span class='ocrx_word' id='word_1_148' title='bbox 262 2472 328 2530; x_wconf 88' lang='lat' dir='ltr'>sine</span> <span class='ocrx_word' id='word_1_149' title='bbox 342 2471 444 2548; x_wconf 89' lang='lat' dir='ltr'>prima</span> <span class='ocrx_word' id='word_1_150' title='bbox 457 2489 552 2530; x_wconf 91' lang='lat' dir='ltr'>manu</span> <span class='ocrx_word' id='word_1_151' title='bbox 566 2475 720 2547; x_wconf 87' lang='lat' dir='ltr'>temptare</span> <span class='ocrx_word' id='word_1_152' title='bbox 734 2469 874 2546; x_wconf 91' lang='lat' dir='ltr'>pericula</span> <span class='ocrx_word' id='word_1_153' title='bbox 886 2469 972 2544; x_wconf 88' lang='lat' dir='ltr'>belli,</span> <span class='ocrx_word' id='word_1_154' title='bbox 1174 2482 1202 2530; x_wconf 81' lang='lat' dir='ltr'>ao</span> 
     </span>
    </p>
   </div>
   <div class='ocr_carea' id='block_1_5' title="bbox 196 2565 1202 3031">
    <p class='ocr_par' dir='ltr' id='par_1_22' title="bbox 197 2565 972 2646">
     <span class='ocr_line' id='line_1_25' title="bbox 197 2565 972 2646; baseline -0.003 -18"><span class='ocrx_word' id='word_1_155' title='bbox 197 2574 233 2628; x_wconf 93' lang='lat' dir='ltr'>tu</span> <span class='ocrx_word' id='word_1_156' title='bbox 246 2569 340 2646; x_wconf 88' lang='lat' dir='ltr'>pedes</span> <span class='ocrx_word' id='word_1_157' title='bbox 355 2568 396 2627; x_wconf 91' lang='lat' dir='ltr'>ad</span> <span class='ocrx_word' id='word_1_158' title='bbox 409 2587 514 2627; x_wconf 89' lang='lat' dir='ltr'>muros</span> <span class='ocrx_word' id='word_1_159' title='bbox 530 2567 665 2627; x_wconf 88' lang='lat' dir='ltr'>subsiste</span> <span class='ocrx_word' id='word_1_160' title='bbox 680 2572 712 2626; x_wconf 89' lang='lat' dir='ltr'>et</span> <span class='ocrx_word' id='word_1_161' title='bbox 725 2566 849 2626; x_wconf 85' lang='lat' dir='ltr'>moenia</span> <span class='ocrx_word' id='word_1_162' title='bbox 862 2565 972 2627; x_wconf 69' lang='lat' dir='ltr'>serva!</span> 
     </span>
    </p>

    <p class='ocr_par' dir='ltr' id='par_1_23' title="bbox 198 2661 1064 2738">
     <span class='ocr_line' id='line_1_26' title="bbox 198 2661 1064 2738; baseline 0 -14"><span class='ocrx_word' id='word_1_163' title='bbox 198 2666 321 2724; x_wconf 86' lang='lat' dir='ltr'>Turnus</span> <span class='ocrx_word' id='word_1_164' title='bbox 336 2664 474 2738; x_wconf 88' lang='lat' dir='ltr'>adhaec,</span> <span class='ocrx_word' id='word_1_165' title='bbox 490 2664 594 2724; x_wconf 91' lang='lat' dir='ltr'>oculos</span> <span class='ocrx_word' id='word_1_166' title='bbox 608 2663 764 2723; x_wconf 86' lang='lat' dir='ltr'>horrenda</span> <span class='ocrx_word' id='word_1_167' title='bbox 777 2663 811 2721; x_wconf 94' lang='lat' dir='ltr'>in</span> <span class='ocrx_word' id='word_1_168' title='bbox 824 2663 947 2738; x_wconf 84' lang='lat' dir='ltr'>virgine</span> <span class='ocrx_word' id='word_1_169' title='bbox 962 2661 1064 2724; x_wconf 83' lang='lat' dir='ltr'>fixus:</span> 
     </span>
    </p>

    <p class='ocr_par' dir='ltr' id='par_1_24' title="bbox 199 2760 918 2837">
     <span class='ocr_line' id='line_1_27' title="bbox 199 2760 918 2837; baseline -0.003 -15"><span class='ocrx_word' id='word_1_170' title='bbox 199 2761 244 2822; x_wconf 91' lang='lat' dir='ltr'>‘O</span> <span class='ocrx_word' id='word_1_171' title='bbox 258 2762 352 2821; x_wconf 90' lang='lat' dir='ltr'>decus</span> <span class='ocrx_word' id='word_1_172' title='bbox 367 2761 480 2820; x_wconf 88' lang='lat' dir='ltr'>Italiae</span> <span class='ocrx_word' id='word_1_173' title='bbox 493 2761 591 2837; x_wconf 87' lang='lat' dir='ltr'>virgo,</span> <span class='ocrx_word' id='word_1_174' title='bbox 607 2779 685 2837; x_wconf 90' lang='lat' dir='ltr'>quas</span> <span class='ocrx_word' id='word_1_175' title='bbox 700 2760 802 2819; x_wconf 86' lang='lat' dir='ltr'>dicere</span> <span class='ocrx_word' id='word_1_176' title='bbox 816 2765 918 2836; x_wconf 86' lang='lat' dir='ltr'>grates</span> 
     </span>
    </p>

    <p class='ocr_par' dir='ltr' id='par_1_25' title="bbox 198 2856 1101 2935">
     <span class='ocr_line' id='line_1_28' title="bbox 198 2856 1101 2935; baseline 0.002 -19"><span class='ocrx_word' id='word_1_177' title='bbox 198 2877 314 2935; x_wconf 84' lang='lat' dir='ltr'>quasve</span> <span class='ocrx_word' id='word_1_178' title='bbox 327 2858 444 2917; x_wconf 83' lang='lat' dir='ltr'>referre</span> <span class='ocrx_word' id='word_1_179' title='bbox 459 2860 591 2934; x_wconf 86' lang='lat' dir='ltr'>parem?</span> <span class='ocrx_word' id='word_1_180' title='bbox 613 2857 668 2917; x_wconf 91' lang='lat' dir='ltr'>sed</span> <span class='ocrx_word' id='word_1_181' title='bbox 682 2875 774 2931; x_wconf 88' lang='lat' dir='ltr'>nunc,</span> <span class='ocrx_word' id='word_1_182' title='bbox 790 2862 838 2916; x_wconf 88' lang='lat' dir='ltr'>est</span> <span class='ocrx_word' id='word_1_183' title='bbox 852 2856 958 2916; x_wconf 91' lang='lat' dir='ltr'>omnia</span> <span class='ocrx_word' id='word_1_184' title='bbox 970 2857 1101 2934; x_wconf 87' lang='lat' dir='ltr'>quaudo</span> 
     </span>
    </p>

    <p class='ocr_par' dir='ltr' id='par_1_26' title="bbox 196 2952 1202 3031">
     <span class='ocr_line' id='line_1_29' title="bbox 196 2952 1202 3031; baseline 0 -18"><span class='ocrx_word' id='word_1_185' title='bbox 196 2954 257 3014; x_wconf 86' lang='lat' dir='ltr'>iste</span> <span class='ocrx_word' id='word_1_186' title='bbox 272 2955 393 3013; x_wconf 87' lang='lat' dir='ltr'>animus</span> <span class='ocrx_word' id='word_1_187' title='bbox 408 2973 511 3031; x_wconf 87' lang='lat' dir='ltr'>supra,</span> <span class='ocrx_word' id='word_1_188' title='bbox 526 2972 647 3012; x_wconf 89' lang='lat' dir='ltr'>mecum</span> <span class='ocrx_word' id='word_1_189' title='bbox 662 2953 779 3030; x_wconf 88' lang='lat' dir='ltr'>partire</span> <span class='ocrx_word' id='word_1_190' title='bbox 793 2952 938 3012; x_wconf 90' lang='lat' dir='ltr'>laborem.</span> <span class='ocrx_word' id='word_1_191' title='bbox 1175 2966 1202 3013; x_wconf 75' lang='lat' dir='ltr'>ts</span> 
     </span>
    </p>
   </div>
   <div class='ocr_carea' id='block_1_6' title="bbox 196 3115 1202 3448">
    <p class='ocr_par' dir='ltr' id='par_1_27' title="bbox 196 3115 1202 3448">
     <span class='ocr_line' id='line_1_30' title="bbox 236 3115 1201 3178; baseline -0.001 -13"><span class='ocrx_word' id='word_1_192' title='bbox 236 3123 256 3165; x_wconf 89' lang='lat'>1.</span> <span class='ocrx_word' id='word_1_193' title='bbox 276 3116 403 3178; x_wconf 72' lang='lat' dir='ltr'>cingitur,</span> <span class='ocrx_word' id='word_1_194' title='bbox 415 3131 485 3164; x_wconf 81' lang='lat' dir='ltr'>arms</span> <span class='ocrx_word' id='word_1_195' title='bbox 495 3118 606 3174; x_wconf 76' lang='lat' dir='ltr'>himself.</span> <span class='ocrx_word' id='word_1_196' title='bbox 638 3121 659 3164; x_wconf 93' lang='lat'>1.</span> <span class='ocrx_word' id='word_1_197' title='bbox 679 3115 937 3176; x_wconf 66' lang='lat' dir='ltr'>cenatim‚cogrerly.</span> <span class='ocrx_word' id='word_1_198' title='bbox 965 3119 988 3164; x_wconf 82' lang='lat'>2.</span> <span class='ocrx_word' id='word_1_199' title='bbox 1009 3115 1139 3173; x_wconf 77' lang='lat' dir='ltr'>rutilum,</span> <span class='ocrx_word' id='word_1_200' title='bbox 1151 3119 1201 3166; x_wconf 79' lang='lat' dir='ltr'>red.</span> 
     </span>
     <span class='ocr_line' id='line_1_31' title="bbox 196 3184 1201 3244; baseline -0.003 -10"><span class='ocrx_word' id='word_1_201' title='bbox 196 3190 218 3235; x_wconf 82' lang='lat'>2.</span> <span class='ocrx_word' id='word_1_202' title='bbox 237 3186 358 3239; x_wconf 83' lang='lat' dir='ltr'>thoraca,</span> <span class='ocrx_word' id='word_1_203' title='bbox 371 3187 540 3243; x_wconf 75' lang='lat' dir='ltr'>breues-plote.</span> <span class='ocrx_word' id='word_1_204' title='bbox 572 3188 593 3232; x_wconf 87' lang='lat'>2.</span> <span class='ocrx_word' id='word_1_205' title='bbox 613 3184 734 3237; x_wconf 82' lang='lat' dir='ltr'>indutus,</span> <span class='ocrx_word' id='word_1_206' title='bbox 746 3187 843 3242; x_wconf 72' lang='lat' dir='ltr'>liucinp</span> <span class='ocrx_word' id='word_1_207' title='bbox 855 3190 905 3243; x_wconf 80' lang='lat' dir='ltr'>put</span> <span class='ocrx_word' id='word_1_208' title='bbox 920 3198 962 3232; x_wconf 81' lang='lat' dir='ltr'>on.</span> <span class='ocrx_word' id='word_1_209' title='bbox 992 3185 1015 3231; x_wconf 83' lang='grc'>3.</span> <span class='ocrx_word' id='word_1_210' title='bbox 1037 3195 1131 3242; x_wconf 73' lang='lat' dir='ltr'>suras,</span> <span class='ocrx_word' id='word_1_211' title='bbox 1144 3187 1201 3244; x_wconf 80' lang='lat' dir='ltr'>leps.</span> 
     </span>
     <span class='ocr_line' id='line_1_32' title="bbox 196 3251 1201 3312; baseline 0 -10"><span class='ocrx_word' id='word_1_212' title='bbox 196 3258 217 3302; x_wconf 88' lang='lat'>6.</span> <span class='ocrx_word' id='word_1_213' title='bbox 237 3252 379 3312; x_wconf 83' lang='lat' dir='ltr'>praecipit,</span> <span class='ocrx_word' id='word_1_214' title='bbox 392 3256 553 3311; x_wconf 77' lang='lat' dir='ltr'>anticiputes.</span> <span class='ocrx_word' id='word_1_215' title='bbox 584 3256 606 3301; x_wconf 81' lang='grc'>7.</span> <span class='ocrx_word' id='word_1_216' title='bbox 627 3251 799 3311; x_wconf 81' lang='lat' dir='ltr'>praesaepia,</span> <span class='ocrx_word' id='word_1_217' title='bbox 811 3253 892 3299; x_wconf 73' lang='lat' dir='ltr'>stalle.</span> <span class='ocrx_word' id='word_1_218' title='bbox 921 3255 943 3299; x_wconf 89' lang='lat'>9.</span> <span class='ocrx_word' id='word_1_219' title='bbox 964 3255 1074 3310; x_wconf 74' lang='lat' dir='ltr'>pastus.</span> <span class='ocrx_word' id='word_1_220' title='bbox 1086 3260 1201 3312; x_wconf 79' lang='lat' dir='ltr'>pastura.</span> 
     </span>
     <span class='ocr_line' id='line_1_33' title="bbox 197 3319 1202 3380; baseline 0.002 -12"><span class='ocrx_word' id='word_1_221' title='bbox 197 3325 232 3368; x_wconf 82' lang='lat'>10.</span> <span class='ocrx_word' id='word_1_222' title='bbox 259 3321 396 3380; x_wconf 75' lang='lat' dir='ltr'>perfundi,</span> <span class='ocrx_word' id='word_1_223' title='bbox 423 3328 446 3368; x_wconf 81' lang='lat' dir='ltr'>to</span> <span class='ocrx_word' id='word_1_224' title='bbox 478 3322 560 3368; x_wconf 84' lang='lat' dir='ltr'>bathe.</span> <span class='ocrx_word' id='word_1_225' title='bbox 601 3324 635 3366; x_wconf 76' lang='lat'>12.</span> <span class='ocrx_word' id='word_1_226' title='bbox 655 3319 809 3376; x_wconf 82' lang='lat' dir='ltr'>luxurians,</span> <span class='ocrx_word' id='word_1_227' title='bbox 836 3322 996 3378; x_wconf 75' lang='lat' dir='ltr'>wantoniup.</span> <span class='ocrx_word' id='word_1_228' title='bbox 1037 3323 1076 3367; x_wconf 82' lang='lat'>12.</span> <span class='ocrx_word' id='word_1_229' title='bbox 1102 3332 1202 3379; x_wconf 67' lang='lat' dir='ltr'>mos,</span> 
     </span>
     <span class='ocr_line' id='line_1_34' title="bbox 197 3386 1201 3448; baseline -0.001 -11"><span class='ocrx_word' id='word_1_230' title='bbox 197 3390 336 3437; x_wconf 76' lang='lat' dir='ltr'>shoulders.</span> <span class='ocrx_word' id='word_1_231' title='bbox 369 3391 404 3436; x_wconf 76' lang='lat'>17.</span> <span class='ocrx_word' id='word_1_232' title='bbox 425 3387 468 3435; x_wconf 83' lang='lat' dir='ltr'>sui</span> <span class='ocrx_word' id='word_1_233' title='bbox 480 3423 485 3434; x_wconf 93' lang='lat'>.</span> <span class='ocrx_word' id='word_1_234' title='bbox 499 3423 505 3435; x_wconf 89' lang='lat'>.</span> <span class='ocrx_word' id='word_1_235' title='bbox 518 3423 524 3434; x_wconf 82' lang='lat'><strong>.</strong></span> <span class='ocrx_word' id='word_1_236' title='bbox 535 3386 610 3442; x_wconf 75' lang='lat' dir='ltr'>forti.</span> <span class='ocrx_word' id='word_1_237' title='bbox 623 3390 651 3434; x_wconf 80' lang='lat' dir='ltr'>in</span> <span class='ocrx_word' id='word_1_238' title='bbox 662 3389 731 3435; x_wconf 84' lang='lat' dir='ltr'>one&#39;s</span> <span class='ocrx_word' id='word_1_239' title='bbox 742 3402 799 3435; x_wconf 84' lang='lat' dir='ltr'>own</span> <span class='ocrx_word' id='word_1_240' title='bbox 810 3389 934 3446; x_wconf 66' lang='lat' dir='ltr'>strenam.</span> <span class='ocrx_word' id='word_1_241' title='bbox 965 3389 1003 3435; x_wconf 83' lang='lat'>20.</span> <span class='ocrx_word' id='word_1_242' title='bbox 1019 3386 1089 3448; x_wconf 72' lang='lat' dir='ltr'>sino,</span> <span class='ocrx_word' id='word_1_243' title='bbox 1096 3392 1201 3448; x_wconf 74' lang='lat' dir='ltr'>pomis.</span> 
     </span>
    </p>
   </div>
   <div class='ocr_carea' id='block_1_7' title="bbox 0 0 1250 3876">
    <p class='ocr_par' dir='ltr' id='par_1_28' title="bbox 0 0 1250 3876">
     <span class='ocr_line' id='line_1_35' title="bbox 0 0 1250 3876; baseline 0 0"><span class='ocrx_word' id='word_1_244' title='bbox 0 0 1250 3876; x_wconf 95' lang='lat' dir='ltr'> </span> 
     </span>
    </p>
   </div>
  </div>
 </body>
</html>
