2484 3876
192 168 233 228 34
530 163 685 215 vescier
707 164 848 216 suusrs.
1036 165 1186 232 [uooxxi

193 328 337 387 redderet
350 345 386 386 ao
399 326 520 386 tumulo
534 326 650 387 sineret
664 327 828 388 succedere
842 333 961 403 terrae;

193 424 315 484 nullum
328 442 399 482 cum
414 423 506 483 victis
521 430 678 483 certamen
691 429 724 483 et
738 424 864 484 aethere
878 423 993 500 cassis3

192 526 333 599 parceret
346 519 524 596 hospitibus
539 520 697 597 quondam
711 521 888 598 socerisque
902 520 1033 582 vocatis.

192 637 270 696 quos
283 618 383 676 bonus
397 616 520 677 Aeneas
534 616 619 675 haud
633 617 830 694 aspernanda
843 617 1001 694 precantis

192 713 391 792 prosequitur
404 713 543 772 veniaet
557 713 661 773 verbis
676 713 753 773 haec
767 714 895 791 insuper
909 713 1017 774 addit:
1179 727 1193 776 t

194 812 367 882 ‘Quaenam
381 829 436 871 vos
450 815 539 869 tanto
553 810 682 869 fortuna
695 809 834 885 indigna,
849 809 967 886 Latini,

192 907 348 985 implicuit
362 907 453 981 bello,
467 906 522 984 qui
537 925 593 966 nos
608 906 740 982 fugiatis
755 907 895 967 amieos?

191 1023 299 1081 pacem
313 1023 363 1063 me
377 1003 530 1064 exanimis
544 1009 577 1062 et
591 1003 704 1062 Martis
720 1009 803 1063 sorte
817 1003 989 1082 peremptis

191 1101 311 1161 oratis?
333 1100 477 1179 equidem
492 1107 524 1159 et
539 1100 621 1160 vivis
636 1100 803 1159 concedere
817 1100 940 1160 vellem.

190 1217 247 1258 neo
260 1197 341 1272 veni,
356 1197 419 1257 nisi
434 1196 502 1256 fata
515 1197 618 1280 locum
632 1196 799 1274 sedemque
814 1196 992 1273 dedissent3

189 1313 246 1354 nec
260 1294 377 1354 bellum
392 1312 462 1352 cum
477 1299 569 1368 gente
583 1312 672 1369 gero:
695 1311 751 1352 rex
764 1299 872 1353 nostra
885 1293 1016 1372 reliquit

188 1389 328 1468 hospitia
341 1396 373 1450 et
387 1389 486 1449 Turni
501 1389 605 1468 potius
620 1408 654 1450 se
668 1389 802 1449 credidit
816 1389 919 1450 armis.

189 1487 317 1565 aequius
332 1486 405 1546 huic
419 1489 559 1546 Turnum
575 1486 679 1546 fuerat
694 1504 726 1546 se
741 1505 897 1564 opponere
911 1486 1015 1547 morti.

189 1583 216 1643 si
229 1583 347 1642 bellum
361 1583 452 1642 finire
465 1601 569 1658 mauu,
585 1583 612 1642 si
626 1583 743 1660 pellere
757 1585 892 1643 Teucros

188 1686 328 1757 apparat,
343 1680 394 1740 his
408 1698 529 1738 mecum
544 1680 650 1739 decuit
664 1698 845 1739 concurrere
860 1679 950 1756 telis3

188 1776 285 1853 viret,
300 1776 351 1835 cui
365 1776 464 1836 vitam
479 1776 555 1836 deus
571 1782 626 1835 aut
640 1795 697 1837 sua
710 1777 822 1836 dextra
836 1776 984 1836 dedisset.

188 1892 271 1932 nunc
285 1873 329 1932 ite
344 1879 376 1932 et
389 1873 512 1933 miseris
528 1872 695 1950 supponite
709 1872 831 1933 civibus
845 1872 970 1948 ignem!

188 1970 312 2029 dixerat
325 1969 457 2030 Aeneas.
500 1969 550 2028 illi
565 1969 742 2047 obstipuere
758 1969 887 2030 silentes

188 2066 392 2144 conversique
407 2066 511 2127 oculos
525 2065 609 2124 inter
623 2084 657 2126 se
671 2071 765 2143 atque
779 2085 834 2125 ora
847 2066 1006 2126 tenebant.

188 2168 256 2223 tum
271 2163 373 2223 senior
387 2181 569 2240 semperque
584 2163 664 2223 odiis
679 2169 711 2222 et
725 2163 855 2221 crimine
869 2163 1009 2224 Drances

164 2292 168 2302 =
188 2259 330 2320 infensus
345 2259 451 2318 iuveni
467 2262 572 2319 Turno
587 2259 631 2318 sic
646 2277 698 2318 ore
713 2259 851 2319 vicissim

189 2375 259 2416 orsa
273 2356 386 2416 refert:
410 2356 453 2416 ίΟ
469 2356 555 2415 fama
568 2355 688 2431 ingens,
703 2355 860 2431 ingentior
874 2356 970 2417 armis

189 2453 237 2511 vir
251 2452 393 2528 Troiane,
409 2453 521 2530 quibus
536 2453 622 2512 caelo
636 2458 668 2512 te
683 2453 827 2513 laudibus
843 2456 997 2531 aequem?

188 2549 369 2610 iustitiaene
383 2549 470 2627 prius
485 2549 580 2609 mirer
593 2550 710 2609 belliue
724 2550 889 2610 laborum?

188 2666 245 2707 nos
260 2665 333 2706 vero
346 2646 422 2706 haec
437 2646 572 2724 patriam
587 2647 667 2722 grati
682 2646 854 2707 referemus
868 2648 908 2707 ad
922 2647 1032 2707 urbem

188 2749 220 2802 et
233 2749 274 2820 te,
290 2743 317 2804 si
332 2762 394 2821 qua
406 2743 490 2803 viam
505 2743 627 2802 dederit
641 2743 777 2818 fortuna,
792 2743 907 2803 Latino

187 2840 352 2916 iungemus
366 2840 440 2916 regi.
483 2846 613 2917 quaerat
627 2840 688 2901 sibi
702 2840 830 2901 foedera
844 2843 977 2902 Turnus.

188 2937 265 3015 quin
280 2942 311 2996 et
325 2937 432 2996 fatalis
447 2956 606 2996 murorum
620 2937 764 2997 attollere
778 2938 876 2998 moles

225 3143 248 3187 1.
268 3139 401 3196 redderet.
413 3141 565 3188 senenses.
596 3142 618 3186 2.
639 3139 750 3188 aethere
764 3140 858 3198 cassia
871 3141 991 3201 heresias
1004 3142 1058 3202 life.
1089 3145 1113 3192 t.
1131 3155 1189 3204 pre

187 3206 311 3267 sequitur
327 3207 522 3264 veniamque
539 3209 608 3255 them
626 3209 667 3255 tte
678 3211 768 3265 favor.
799 3211 821 3256 8.
842 3209 1000 3268 peremptis,
1012 3211 1091 3260 taken
1106 3226 1187 3272 ouon.

187 3279 223 3323 16.
244 3274 472 3324 vixet=oicisret
503 3279 539 3323 22.
561 3287 632 3333 orsa,
653 3279 743 3324 words.
774 3279 809 3323 24.
829 3276 953 3326 iustitiae
978 3279 1029 3326 and
1053 3277 1188 3338 laborum,

186 3359 243 3405 gen.
255 3345 324 3391 aiter
334 3346 420 3390 mirer.
451 3346 487 3390 28.
507 3343 611 3400 fatalis,
622 3347 746 3392 orduiacd
757 3345 862 3404 bysutc.
