2484 3876
115 118 156 179 22
305 101 307 105 ’
452 117 769 171 vnacn1nnrnrs.
964 118 1112 187 [amm
1222 136 1238 184 0

116 282 238 342 fervere
253 282 346 342 cacde
360 300 442 342 nova
455 288 488 342 et
501 287 608 360 portas
623 283 771 360 praebere
786 281 934 360 patentis.

117 378 233 439 deserit
246 379 405 457 inceptum
420 384 514 456 atque
528 379 659 439 immani
673 379 812 440 concitus
826 379 875 440 ira

116 476 309 535 Dardaniam
323 476 387 535 ruit
401 476 441 534 ad
456 481 579 553 portam
593 476 771 554 fratresque
786 477 945 554 superbos.

117 579 149 633 et
162 573 298 651 primum
314 572 512 649 Antiphaten
528 571 568 650 (is
583 573 667 631 enim
682 591 715 633 sc
729 572 850 650 primus
864 572 1005 656 agebat),

117 670 267 729 Thebana
281 669 319 727 de
334 675 434 728 matre
448 669 581 728 nothum
597 669 785 746 Sarpedonis
799 669 867 745 alti,
956 662 959 667 ‘
1108 680 1122 726 o

117 767 257 826 coniecto
272 766 386 826 sternit
400 765 518 842 iaculo;
541 766 627 826 volat
641 765 726 826 Itala
739 784 851 826 cornus

118 872 190 922 aera
204 882 259 940 per
273 868 416 922 tenerum
431 861 653 940 stomachoque
667 861 767 922 infixa
781 863 839 923 sub
852 863 953 923 altum

118 965 226 1037 pectus
241 960 315 1034 abit,
331 959 436 1020 reddit
450 978 560 1036 specus
575 959 637 1019 atri
651 959 791 1020 vulneris
805 959 923 1019 undam

119 1062 316 1134 spumantem
331 1062 363 1116 et
377 1056 440 1115 fixo
454 1057 574 1115 ferrum
587 1056 622 1114 in
636 1056 784 1133 pulmone
798 1055 940 1134 tepescit.

118 1159 187 1214 tum
201 1154 362 1230 Meropem
377 1158 470 1230 atque
484 1153 661 1232 Erymanta
674 1171 778 1228 manu,
793 1160 861 1212 turn
876 1152 992 1215 sternit
1005 1152 1125 1232 Aphid-

200 1270 273 1309 num
285 1274 291 1324 ;
1099 1261 1127 1308 10

119 1353 188 1406 tum
202 1347 309 1406 Bitian
324 1347 484 1406 ardentem
500 1345 598 1406 oculis
613 1345 788 1424 animisque
805 1347 1006 1425 frementem,

119 1462 183 1503 non
197 1443 306 1517 iaculo,
322 1443 520 1521 nequeenim
536 1442 638 1502 iaculo
652 1442 748 1502 vitam
765 1443 819 1502 ille
835 1443 985 1520 dedisset,

121 1540 176 1600 sed
189 1559 337 1615 magnum
352 1539 489 1600 stridens
503 1544 646 1598 contorta
659 1539 820 1616 phalarica
831 1539 930 1615 venit,

120 1636 265 1696 fulminis
280 1642 350 1696 acta
364 1636 464 1709 modo,
479 1654 572 1712 quam
586 1654 644 1695 nec
658 1635 721 1694 duo
734 1641 843 1695 taurea
855 1642 946 1712 terga

120 1751 176 1792 nec
192 1733 310 1810 duplici
326 1751 456 1810 squama
469 1731 567 1794 lorica
580 1731 684 1792 fidelis
699 1738 731 1792 et
745 1751 820 1792 auro
1099 1745 1127 1793 1⁶

122 1830 287 1889 sustinuit:
310 1828 459 1906 conlapsa
472 1834 568 1888 ruunt
583 1827 733 1888 immania
746 1829 894 1905 membra,

122 1927 177 1986 dat
190 1926 284 1985 tellus
300 1926 451 2000 gemitum
465 1931 497 1984 et
510 1924 646 2002 clipeum
661 1943 754 2002 super
769 1926 895 1986 intonat
908 1925 1029 2002 ingens

121 2022 195 2081 talis
210 2023 244 2080 in
257 2022 395 2081 Euboico
409 2021 559 2081 Baiarum
574 2020 666 2081 litore
681 2021 837 2099 quondam

122 2137 216 2179 saxea
229 2119 295 2195 pila
308 2119 401 2193 cadit,
416 2117 539 2193 magnis
554 2136 649 2194 quam
662 2117 797 2179 molibus
812 2125 885 2179 anto

122 2220 332 2275 constructam
346 2221 443 2293 ponto
457 2215 586 2288 iaciunt,
602 2214 647 2274 sic
661 2214 719 2274 illa
732 2215 855 2276 ruinam
1099 2229 1129 2278 w

122 2331 221 2390 prona
234 2312 333 2371 trahit
346 2311 534 2388 penitusque
549 2311 638 2370 vadis
653 2310 749 2371 inlisa
761 2312 931 2389 recumbit3

123 2409 256 2469 miscent
270 2426 303 2468 se
317 2408 417 2468 maria
431 2414 463 2467 et
477 2408 585 2484 nigrae
599 2407 789 2467 attolluntur
802 2409 955 2485 harenae;

122 2513 190 2565 turn
205 2506 310 2565 sonitu
323 2505 482 2583 Prochyta
495 2504 561 2564 alta
574 2504 682 2564 tremit
696 2505 871 2583 durumque
884 2505 988 2566 cubile
1088 2511 1092 2518 '

123 2603 260 2662 Inarime
275 2602 361 2662 Iovis
375 2601 516 2679 imperiis
532 2601 668 2679 imposta
682 2602 840 2680 Typhoeo.

163 2699 227 2758 Hic
242 2700 328 2758 Mars
343 2697 534 2774 armipotens
549 2698 688 2758 animum
702 2699 847 2776 viresque
861 2698 985 2760 Latinis
1098 2713 1129 2759 ao

123 2796 247 2856 addidit
261 2801 293 2854 et
307 2795 451 2855 stimulos
465 2795 545 2855 acris
560 2795 617 2855 sub
631 2800 756 2872 pectore
770 2795 866 2855 vertit

161 2959 184 3003 5.
200 2955 322 3011 nothum,
332 2956 445 3003 bastard.
476 2957 498 3003 6.
514 2957 729 3013 cornuajavelin
740 2957 770 3015 of
777 2957 863 3005 cornel
872 2959 950 3005 wood.
981 2960 1003 3007 8.
1019 2969 1127 3019 specus,

124 3027 217 3083 cancta
247 3027 269 3071 9.
285 3023 421 3081 pulmone,
434 3024 518 3083 lunps.
549 3027 587 3072 13.
602 3035 738 3084 magnum,
747 3027 856 3085 arentin,
866 3027 981 3085 ter-riola.
1012 3028 1049 3074 la
1062 3025 1130 3087 pha·

123 3092 219 3148 lorica,
228 3107 244 3140 a
252 3093 347 3138 missile
354 3105 460 3150 weapon
466 3093 587 3150 wrapped
593 3094 657 3139 with
663 3094 767 3152 blazing
773 3099 831 3141 tow.
857 3096 893 3140 15.
905 3096 1128 3154 squammcoloc.

124 3164 160 3209 18.
168 3159 378 3214 Euboico‚Baiae
385 3173 438 3206 was
444 3160 536 3206 settled
544 3161 579 3218 by
586 3175 644 3207 men
651 3163 717 3207 from
724 3162 836 3209 Euboea.
858 3164 893 3209 19.
903 3159 1130 3221 pilastonesoun·

124 3231 237 3277 dationc.
266 3226 518 3286 21.,inlisa,dashed
532 3241 610 3286 upon.
640 3231 678 3275 21.
695 3229 838 3284 recumbit,
851 3231 904 3277 lies.
935 3229 980 3276 2ss
994 3229 1131 3291 Prochyta

124 3295 311 3352 eucharim,
325 3296 421 3342 islands
432 3296 486 3354 Just
497 3297 596 3344 outside
607 3297 711 3344 Cumae.
740 3300 777 3344 24.
798 3295 917 3356 imposta
926 3318 949 3336 =
958 3300 1088 3358 imposita.
