2484 3876
104 186 144 248 54
445 185 601 235 vascua
623 182 765 234 anunm.
937 181 1103 248 [sooxxu.

104 367 259 425 cogemur,
273 347 329 426 qui
343 367 426 407 nunc
440 347 520 407 lenti
534 346 733 407 consedimus
747 345 850 406 arvis!

104 445 222 506 talibus
236 444 365 504 incensa
378 450 428 504 est
441 443 591 503 iuvenum
605 442 762 504 sententia
775 442 869 502 dictis

105 541 167 602 iam
182 541 281 618 magis
296 547 390 618 atque
405 540 505 616 magis
519 540 679 618 serpitque
694 557 749 617 per
763 527 888 614 agmina
900 557 1059 615 murmur3

104 639 168 717 ipsi
182 640 355 698 Laurentes
370 637 486 697 mutati
499 637 624 715 ipsique
639 636 755 696 Latini.

105 735 160 814 qui
175 735 236 796 sibi
249 735 313 794 iam
328 735 467 812 requiem
482 751 605 811 pugnae
619 734 773 810 rebusque
787 732 921 792 salutem
1093 741 1107 790 ι

105 832 282 910 sperabant,
297 850 380 891 nunc
394 849 482 890 arma
495 830 607 889 volunt
621 830 794 907 foedusque
808 833 977 906 precantur

105 928 258 988 infectum
272 934 304 988 et
317 927 417 987 Turni
432 932 547 988 sortem
561 925 751 987 miserantur
764 925 914 1004 iniquam.

105 1183 150 1232 An
162 1181 236 1246 eagle
248 1181 374 1245 carrying
384 1196 401 1232 a
412 1194 488 1232 swan
501 1181 530 1231 ln
545 1180 581 1232 its
595 1179 685 1231 telone
701 1180 726 1231 is
742 1193 807 1230 seen
822 1177 942 1242 pursned
958 1179 996 1243 by
1008 1193 1026 1230 a
1041 1179 1110 1231 floclr

106 1265 135 1314 of
150 1265 225 1314 birds
241 1264 296 1315 and
313 1264 463 1327 compelled
479 1269 509 1314 to
525 1263 593 1326 drop
609 1264 645 1314 its
662 1277 737 1326 prey.
770 1263 828 1312 The
845 1261 991 1312 Rutulisns
1004 1262 1110 1326 regard-

105 1347 152 1411 ing
165 1347 220 1397 this
237 1361 268 1396 as
285 1361 321 1396 an
338 1360 418 1396 omen
435 1360 481 1397 are
498 1345 667 1410 encouraged
683 1351 713 1396 to
729 1345 823 1396 attaclr
836 1344 883 1394 the
897 1344 1019 1408 thjsns
1054 1345 1110 1395 The

105 1428 190 1480 battle
208 1442 275 1479 soon
292 1429 418 1479 becomes
429 1428 546 1493 general.
580 1429 696 1479 Latinus
707 1426 780 1490 flees,
792 1427 903 1491 bearing
913 1427 956 1478 his
967 1426 1035 1492 gods
1045 1427 1111 1477 with

105 1512 171 1571 him,
184 1526 236 1560 111.
250 1511 374 1561 244-310.

106 1658 191 1710 thlc
203 1659 381 1721 cndccccn'ap
394 1664 420 1709 ιο
432 1664 483 1720 pat
499 1672 536 1709 ca
548 1659 603 1708 tad
615 1664 642 1709 ιο
660 1658 703 1708 tte
715 1656 793 1719 fiala,
805 1655 913 1708 Aeaeae
929 1657 953 1705 is
969 1656 1108 1707 wcaadcd.

110 1740 219 1790 Turnus
236 1742 322 1791 elctcd
338 1747 367 1791 ct
384 1740 437 1791 clus
454 1747 518 1791 tara
530 1741 563 1804 os
569 1740 683 1803 sortitae
697 1739 769 1802 falls
783 1752 855 1802 upon
866 1739 911 1790 tte
925 1736 1029 1801 Trajan
1041 1739 1109 1800 toa,

106 1827 157 1872 x11'.
169 1821 292 1871 311-330.

145 1966 191 2027 At
205 1967 275 2045 pius
290 1968 414 2028 Aeneas
430 1968 572 2028 dextram
587 1967 736 2028 tendebat
750 1967 902 2027 inermem

105 2064 223 2124 nudato
237 2064 340 2141 capite
355 2070 448 2142 atque
464 2084 536 2125 suos
550 2065 685 2124 clamore
700 2064 849 2123 vocabat:

106 2159 194 2230 ‘Quo
207 2161 327 2220 ruitis?
348 2178 468 2238 quaeve
482 2161 545 2220 ista
558 2179 669 2238 repens
685 2159 841 2220 discordia
854 2156 981 2238 surgit?
1084 2172 1114 2219 ιο

105 2276 123 2316 ο
137 2256 279 2317 cohibete
293 2257 373 2317 iras!
396 2257 494 2317 ictum
508 2257 572 2316 iam
586 2257 697 2317 foedus
712 2262 744 2316 et
758 2274 866 2317 omnes

105 2354 295 2430 compositae
308 2354 412 2430 leges3
434 2353 513 2411 mihi
528 2353 577 2413 ius
592 2371 774 2413 concurrere
790 2352 864 2429 soli3

105 2467 154 2508 me
169 2449 263 2509 sinite
279 2455 373 2527 atque
388 2450 510 2509 auferte
525 2455 645 2525 metus,
667 2468 724 2525 ego
738 2449 867 2509 foedera
879 2448 955 2510 faxo

104 2544 195 2604 firma
208 2565 319 2621 manu,
341 2547 484 2605 Turnum
499 2546 613 2605 debent
626 2547 703 2606 haec
717 2545 780 2605 iam
792 2545 874 2626 mihi
888 2544 997 2606 sacra'

104 2640 161 2700 has
176 2641 259 2701 inter
273 2661 374 2718 voces,
389 2643 494 2702 media
506 2642 591 2702 inter
605 2642 685 2702 talia
697 2642 801 2718 verba,
1085 2655 1114 2703 lt

105 2754 174 2796 ecce
187 2738 256 2797 viro
271 2739 407 2799 stridens
422 2739 482 2799 alis
497 2738 628 2816 adlapsa
642 2738 758 2816 sagitta
772 2744 829 2813 est,

104 2833 257 2894 incertum
272 2854 335 2912 qua
348 2835 441 2912 pulsa
454 2854 558 2910 manu,
574 2854 635 2913 quc
649 2835 775 2895 turbine
789 2835 909 2910 adacta,

105 2930 176 3006 quis
190 2936 312 2991 tantam
327 2931 455 2992 Rutulis
470 2932 604 3006 laudem,
620 2949 750 2992 casusne
765 2932 892 3007 deusne,

105 3027 263 3087 attulerit:
286 3045 395 3106 pressa
409 3034 457 3088 est
472 3028 606 3104 insignis
621 3027 722 3104 gloria
734 3027 813 3088 facti

143 3224 165 3268 1.
185 3219 261 3276 lenti.
272 3223 302 3269 in
308 3235 396 3280 peace.
427 3224 449 3270 l.
470 3220 610 3277 iniectum,
627 3224 748 3270 camede.
778 3225 800 3270 8.
821 3221 961 3281 inermem,
972 3225 1112 3272 unarmed.

104 3291 140 3335 14.
160 3299 249 3347 sacra,
275 3291 410 3348 samaeas.
451 3291 487 3337 16.
509 3288 637 3347 stridens,
663 3291 773 3349 Ιιιιειηρ.
813 3293 848 3337 16.
868 3288 930 3348 slis,
956 3303 991 3338 cn
1020 3293 1112 3352 alays.

105 3357 140 3402 18.
161 3366 205 3404 -ne
217 3390 223 3404 .
237 3390 243 3403 .
255 3390 261 3403 .
271 3367 324 3414 -ns,
334 3358 449 3406 whether
460 3390 466 3404 .
479 3391 485 3404 .
498 3390 503 3403 .
515 3370 552 3404 cr.
583 3360 619 3405 19.
640 3368 745 3416 pressa.
757 3358 861 3406 ttddea.
