2484 3876
118 177 158 238 24
453 175 608 226 vnncmr
629 174 772 226 snnnrs.
969 173 1112 242 [nooxm

121 339 182 398 ‘At
195 358 257 398 non
272 338 329 397 hoe
344 337 452 412 telum,
468 356 537 397 mea
551 337 636 415 quod
650 337 682 396 vi
698 337 829 397 dextera
842 341 959 413 versat,

119 436 267 514 effugies3
289 453 390 512 neque
405 434 489 494 enim
502 435 529 494 is
544 434 601 493 teli
615 453 672 493 nec
687 433 829 495 vulneris
843 435 976 494 auctor?

121 534 165 595 sie
179 533 225 592 ait
238 539 270 592 et
284 532 443 593 sublatum
458 531 521 591 alte
535 531 697 607 consurgit
710 531 744 590 in
759 549 866 592 ensem

121 637 152 691 et
166 629 300 690 mediam
315 629 400 688 ferro
413 628 538 705 gemina
551 628 634 687 inter
648 634 792 706 tempora
804 628 945 688 frontem

121 727 236 787 dividit
250 726 454 804 impubesque
468 724 598 784 immni
612 724 742 784 vulnere
756 724 864 785 malas.
1108 735 1121 782 t

121 824 158 884 fit
172 843 275 898 sonus,
290 822 412 898 ingenti
425 840 576 882 concussa
589 826 638 881 est
652 821 789 899 pondere
804 821 910 896 tellus,

122 921 284 998 conlapsos
299 925 385 980 artus
400 924 494 996 atque
506 937 592 978 arma
605 925 736 978 eruenta
749 917 875 978 cerebro

122 1018 236 1079 sternit
249 1017 338 1075 humi
352 1016 487 1075 moriens
502 1021 596 1092 atque
611 1015 660 1074 illi
675 1014 817 1093 partibus
832 1014 943 1092 aequis
1049 1018 1055 1025 '

121 1115 183 1174 huc
198 1119 292 1192 caput
305 1118 400 1190 atque
414 1112 489 1172 illue
503 1130 611 1171 umero
625 1129 664 1170 ex
677 1117 811 1188 utroque
825 1110 987 1189 pependit

123 1211 294 1288 diffugiunt
307 1210 390 1270 versi
404 1209 529 1286 trepida
541 1208 711 1268 formidine
721 1209 828 1281 Troes,

123 1313 163 1382 et,
179 1307 206 1368 si
220 1307 367 1366 continuo
380 1306 530 1365 victorem
544 1323 583 1364 ea
596 1323 671 1364 cura
685 1303 828 1379 subisset,

123 1422 266 1481 rumpere
280 1403 418 1463 claustra
430 1421 525 1462 manu
540 1402 701 1478 sociosque
715 1399 888 1460 immittere
902 1399 1015 1478 portis,

122 1501 253 1560 ultimus
268 1500 322 1558 ille
336 1499 403 1559 dies
417 1498 500 1559 bello
515 1498 662 1575 gentique
676 1497 807 1557 fuisset:

123 1598 179 1659 sed
192 1598 280 1656 furor
294 1596 455 1656 ardentem
469 1594 635 1672 caedisque
648 1593 761 1654 insana
773 1592 888 1671 cupido

124 1694 406 1774 egitinadversos.
613 1740 617 1747 .
1101 1701 1127 1748 15

124 1943 158 1992 In
172 1942 219 1992 the
230 1941 312 1991 midst
326 1940 356 1990 of
372 1940 418 1989 the
433 1939 519 1988 havoe
532 1936 630 1988 caused
645 1937 682 2000 by
693 1937 802 1988 ‘hirnus
817 1938 869 2002 (rm
884 1935 1028 2002 tte-tu),
1043 1937 1128 1988 Haa-

125 2027 267 2077 thousand
280 2023 401 2076 Serestus
412 2037 484 2073 come
496 2029 543 2073 out
558 2029 585 2072 to
603 2027 669 2072 meet
686 2022 750 2070 him.
789 2020 872 2073 When
889 2020 958 2071 hard
970 2021 1083 2083 manee
1098 2021 1128 2080 bu

125 2109 194 2158 their
205 2108 302 2166 attach,
317 2108 348 2157 te
360 2109 384 2156 is
395 2105 504 2157 weraed
516 2106 549 2166 by
559 2105 636 2155 June
649 2111 676 2154 to
687 2104 766 2166 nield,
778 2104 834 2154 aad
843 2102 911 2166 λοσε
922 2103 1000 2166 from
1011 2103 1057 2154 the
1069 2104 1126 2164 citt,

125 2205 164 2239 rx.
178 2189 301 2240 775-815.

165 2338 305 2399 Tandem
320 2338 463 2397 ductores
478 2335 588 2396 audita
601 2333 696 2395 caede
710 2352 837 2394 suorum

125 2435 316 2496 conveniunt
330 2433 451 2507 Teucri,
466 2432 653 2492 Mnestheus
668 2448 800 2508 acerque
815 2431 969 2504 Serestus,

126 2532 324 2610 palantisque
338 2529 448 2588 vident
462 2529 561 2589 socios
575 2528 761 2605 hostemque
775 2534 943 2604 receptum.

125 2635 158 2689 et
172 2627 356 2688 Mnestheus
372 2631 451 2703 ‘quo
465 2626 578 2686 deinde
592 2626 710 2701 fugam,
726 2643 788 2701 quo
801 2622 933 2683 tenditis
944 2622 978 2681 ?'
992 2621 1108 2702 inquit

127 2733 223 2804 ‘quos
238 2725 315 2785 ahos
330 2741 444 2797 muros,
460 2739 540 2800 quae
553 2722 617 2781 iam
631 2721 716 2780 ultra
729 2719 853 2780 moenia
865 2718 1016 2780 habetis?
1102 2731 1130 2778 1ο

126 2841 207 2882 unus
221 2822 315 2881 homo
329 2825 362 2879 ct
375 2819 499 2893 vestris,
515 2837 533 2878 o
547 2817 641 2892 cives,
655 2816 796 2894 undique
811 2821 938 2894 saeptus

127 2918 291 2996 aggeribus
306 2921 411 2976 tantas
427 2921 545 2990 strages
560 2914 688 2991 impune
702 2932 758 2990 per
772 2913 881 2973 nrbem

127 3015 287 3076 ediderit?
310 3014 458 3072 iuvenum
473 3011 590 3089 primos
605 3016 653 3070 tot
667 3009 789 3070 miserit
803 3009 909 3070 Orco?

126 3132 190 3173 non
204 3110 342 3170 infelicis
357 3109 478 3187 patriae
493 3113 695 3184 veterumque
710 3105 838 3165 deorum

165 3290 187 3334 2.
205 3285 321 3401 isaach.
352 3286 375 3330 5.
391 3281 515 3341 imputes
527 3318 533 3330 .
547 3318 552 3329 .
565 3316 571 3329 .
582 3280 680 3338 malas,
691 3280 813 3339 vectaret
824 3279 923 3328 eteets.
952 3282 988 3329 11.
1003 3279 1130 3338 subisset,

126 3369 229 3410 ectum
247 3388 255 3404 ο
