<?xml version="1.0" encoding="UTF-8"?>
<!DOCTYPE html PUBLIC "-//W3C//DTD XHTML 1.0 Transitional//EN"
    "http://www.w3.org/TR/xhtml1/DTD/xhtml1-transitional.dtd">
<html xmlns="http://www.w3.org/1999/xhtml" xml:lang="en" lang="en">
 <head>
  <title>
</title>
<meta http-equiv="Content-Type" content="text/html;charset=utf-8" />
  <meta name='ocr-system' content='tesseract 3.04.00' />
  <meta name='ocr-capabilities' content='ocr_page ocr_carea ocr_par ocr_line ocrx_word'/>
</head>
<body>
  <div class='ocr_page' id='page_1' title='image "./storyturnusfrom00virggoog_0018.png"; bbox 0 0 2484 3876; ppageno 0'>
   <div class='ocr_carea' id='block_1_1' title="bbox 230 203 1224 271">
    <p class='ocr_par' dir='ltr' id='par_1_1' title="bbox 230 203 1224 271">
     <span class='ocr_line' id='line_1_1' title="bbox 230 203 1224 271; baseline 0.005 -20"><span class='ocrx_word' id='word_1_1' title='bbox 230 212 250 270; x_wconf 85' lang='lat'>4</span> <span class='ocrx_word' id='word_1_2' title='bbox 560 203 713 255; x_wconf 73' lang='lat' dir='ltr'>vanem</span> <span class='ocrx_word' id='word_1_3' title='bbox 735 204 880 255; x_wconf 73' lang='lat' dir='ltr'><strong>AENEIS.</strong></span> <span class='ocrx_word' id='word_1_4' title='bbox 1049 206 1146 271; x_wconf 80' lang='lat' dir='ltr'>[Boon</span> <span class='ocrx_word' id='word_1_5' title='bbox 1159 206 1224 256; x_wconf 87' lang='lat' dir='ltr'>VH.</span> 
     </span>
    </p>
   </div>
   <div class='ocr_carea' id='block_1_2' title="bbox 221 364 1230 1315">
    <p class='ocr_par' dir='ltr' id='par_1_2' title="bbox 221 364 1099 540">
     <span class='ocr_line' id='line_1_2' title="bbox 221 364 1099 445; baseline 0.003 -21"><span class='ocrx_word' id='word_1_6' title='bbox 221 383 263 424; x_wconf 89' lang='lat' dir='ltr'>an</span> <span class='ocrx_word' id='word_1_7' title='bbox 276 382 339 424; x_wconf 92' lang='lat' dir='ltr'>non</span> <span class='ocrx_word' id='word_1_8' title='bbox 353 364 399 425; x_wconf 90' lang='lat' dir='ltr'>sio</span> <span class='ocrx_word' id='word_1_9' title='bbox 412 365 572 445; x_wconf 89' lang='lat' dir='ltr'>Phrygius</span> <span class='ocrx_word' id='word_1_10' title='bbox 586 372 730 444; x_wconf 88' lang='lat' dir='ltr'>penetrat</span> <span class='ocrx_word' id='word_1_11' title='bbox 744 367 978 427; x_wconf 73' lang='lat' dir='ltr'>Lacedaemona</span> <span class='ocrx_word' id='word_1_12' title='bbox 991 373 1099 445; x_wconf 88' lang='lat' dir='ltr'>pastor</span> 
     </span>
     <span class='ocr_line' id='line_1_3' title="bbox 221 461 1064 540; baseline 0.005 -20"><span class='ocrx_word' id='word_1_13' title='bbox 221 461 438 540; x_wconf 77' lang='lat' dir='ltr'>Ledaeamque</span> <span class='ocrx_word' id='word_1_14' title='bbox 452 462 608 523; x_wconf 90' lang='lat' dir='ltr'>Helenam</span> <span class='ocrx_word' id='word_1_15' title='bbox 623 463 775 535; x_wconf 85' lang='lat' dir='ltr'>Troianas</span> <span class='ocrx_word' id='word_1_16' title='bbox 790 464 878 524; x_wconf 87' lang='lat' dir='ltr'>vexit</span> <span class='ocrx_word' id='word_1_17' title='bbox 892 464 932 523; x_wconf 92' lang='lat' dir='ltr'>ad</span> <span class='ocrx_word' id='word_1_18' title='bbox 945 464 1064 525; x_wconf 88' lang='lat' dir='ltr'>urbes?</span> 
     </span>
    </p>

    <p class='ocr_par' dir='ltr' id='par_1_3' title="bbox 221 558 1077 638">
     <span class='ocr_line' id='line_1_4' title="bbox 221 558 1077 638; baseline 0.002 -20"><span class='ocrx_word' id='word_1_19' title='bbox 221 558 299 637; x_wconf 91' lang='lat' dir='ltr'>quid</span> <span class='ocrx_word' id='word_1_20' title='bbox 312 563 368 618; x_wconf 85' lang='lat' dir='ltr'>tua</span> <span class='ocrx_word' id='word_1_21' title='bbox 381 565 490 620; x_wconf 85' lang='lat' dir='ltr'>saneta</span> <span class='ocrx_word' id='word_1_22' title='bbox 502 559 607 621; x_wconf 87' lang='lat' dir='ltr'>fides?</span> <span class='ocrx_word' id='word_1_23' title='bbox 629 560 706 638; x_wconf 90' lang='lat' dir='ltr'>quid</span> <span class='ocrx_word' id='word_1_24' title='bbox 720 579 795 620; x_wconf 88' lang='lat' dir='ltr'>cura</span> <span class='ocrx_word' id='word_1_25' title='bbox 807 560 938 638; x_wconf 87' lang='lat' dir='ltr'>antiqua</span> <span class='ocrx_word' id='word_1_26' title='bbox 951 566 1077 620; x_wconf 89' lang='lat' dir='ltr'>tuorum</span> 
     </span>
    </p>

    <p class='ocr_par' dir='ltr' id='par_1_4' title="bbox 222 656 1005 732">
     <span class='ocr_line' id='line_1_5' title="bbox 222 656 1005 732; baseline 0.004 -18"><span class='ocrx_word' id='word_1_27' title='bbox 222 661 254 715; x_wconf 86' lang='lat' dir='ltr'>et</span> <span class='ocrx_word' id='word_1_28' title='bbox 267 656 497 732; x_wconf 90' lang='lat' dir='ltr'>consanguineo</span> <span class='ocrx_word' id='word_1_29' title='bbox 510 656 626 717; x_wconf 91' lang='lat' dir='ltr'>totiens</span> <span class='ocrx_word' id='word_1_30' title='bbox 642 657 716 716; x_wconf 89' lang='lat' dir='ltr'>data</span> <span class='ocrx_word' id='word_1_31' title='bbox 730 657 860 721; x_wconf 85' lang='lat' dir='ltr'>dextera</span> <span class='ocrx_word' id='word_1_32' title='bbox 873 658 1005 717; x_wconf 82' lang='lat' dir='ltr'>Turno?</span> 
     </span>
    </p>

    <p class='ocr_par' dir='ltr' id='par_1_5' title="bbox 223 752 929 830">
     <span class='ocr_line' id='line_1_6' title="bbox 223 752 929 830; baseline 0.003 -18"><span class='ocrx_word' id='word_1_33' title='bbox 223 752 250 812; x_wconf 94' lang='lat' dir='ltr'>si</span> <span class='ocrx_word' id='word_1_34' title='bbox 265 771 358 828; x_wconf 91' lang='lat' dir='ltr'>gener</span> <span class='ocrx_word' id='word_1_35' title='bbox 371 758 502 812; x_wconf 82' lang='lat' dir='ltr'>externa</span> <span class='ocrx_word' id='word_1_36' title='bbox 515 753 633 830; x_wconf 88' lang='lat' dir='ltr'>petitur</span> <span class='ocrx_word' id='word_1_37' title='bbox 648 754 686 812; x_wconf 91' lang='lat' dir='ltr'>de</span> <span class='ocrx_word' id='word_1_38' title='bbox 701 758 792 829; x_wconf 89' lang='lat' dir='ltr'>gente</span> <span class='ocrx_word' id='word_1_39' title='bbox 807 753 929 814; x_wconf 84' lang='lat' dir='ltr'>Latinis</span> 
     </span>
    </p>

    <p class='ocr_par' dir='ltr' id='par_1_6' title="bbox 222 849 1064 929">
     <span class='ocr_line' id='line_1_7' title="bbox 222 849 1064 929; baseline 0.004 -21"><span class='ocrx_word' id='word_1_40' title='bbox 222 849 317 927; x_wconf 90' lang='lat' dir='ltr'>idque</span> <span class='ocrx_word' id='word_1_41' title='bbox 332 849 421 910; x_wconf 89' lang='lat' dir='ltr'>sedet</span> <span class='ocrx_word' id='word_1_42' title='bbox 434 849 596 928; x_wconf 84' lang='lat' dir='ltr'>Faunique</span> <span class='ocrx_word' id='word_1_43' title='bbox 609 856 756 929; x_wconf 90' lang='lat' dir='ltr'>premunt</span> <span class='ocrx_word' id='word_1_44' title='bbox 770 855 802 910; x_wconf 87' lang='lat' dir='ltr'>te</span> <span class='ocrx_word' id='word_1_45' title='bbox 815 851 903 911; x_wconf 89' lang='lat' dir='ltr'>iussa</span> <span class='ocrx_word' id='word_1_46' title='bbox 915 850 1064 928; x_wconf 88' lang='lat' dir='ltr'>parentis,</span> 
     </span>
    </p>

    <p class='ocr_par' dir='ltr' id='par_1_7' title="bbox 222 945 1115 1130">
     <span class='ocr_line' id='line_1_8' title="bbox 222 945 1115 1024; baseline 0.002 -18"><span class='ocrx_word' id='word_1_47' title='bbox 222 964 345 1006; x_wconf 89' lang='lat' dir='ltr'>omnem</span> <span class='ocrx_word' id='word_1_48' title='bbox 360 945 504 1024; x_wconf 85' lang='lat' dir='ltr'>equidem</span> <span class='ocrx_word' id='word_1_49' title='bbox 519 946 649 1024; x_wconf 78' lang='lat' dir='ltr'>sceptris</span> <span class='ocrx_word' id='word_1_50' title='bbox 664 952 780 1007; x_wconf 87' lang='lat' dir='ltr'>terram</span> <span class='ocrx_word' id='word_1_51' title='bbox 794 965 873 1024; x_wconf 89' lang='lat' dir='ltr'>quae</span> <span class='ocrx_word' id='word_1_52' title='bbox 888 947 986 1007; x_wconf 90' lang='lat' dir='ltr'>libera</span> <span class='ocrx_word' id='word_1_53' title='bbox 999 946 1115 1008; x_wconf 89' lang='lat' dir='ltr'>nostris</span> 
     </span>
     <span class='ocr_line' id='line_1_9' title="bbox 223 1039 956 1130; baseline 0 -28"><span class='ocrx_word' id='word_1_54' title='bbox 223 1043 364 1118; x_wconf 90' lang='lat' dir='ltr'>dissidet,</span> <span class='ocrx_word' id='word_1_55' title='bbox 379 1048 540 1102; x_wconf 87' lang='lat' dir='ltr'>externam</span> <span class='ocrx_word' id='word_1_56' title='bbox 554 1061 622 1130; x_wconf 84' lang='lat' dir='ltr'>reor</span> <span class='ocrx_word' id='word_1_57' title='bbox 636 1048 669 1103; x_wconf 90' lang='lat' dir='ltr'>et</span> <span class='ocrx_word' id='word_1_58' title='bbox 683 1043 728 1104; x_wconf 89' lang='lat' dir='ltr'>sic</span> <span class='ocrx_word' id='word_1_59' title='bbox 742 1043 844 1103; x_wconf 87' lang='lat' dir='ltr'>dicere</span> <span class='ocrx_word' id='word_1_60' title='bbox 859 1039 956 1104; x_wconf 87' lang='lat' dir='ltr'>divos.</span> 
     </span>
    </p>

    <p class='ocr_par' dir='ltr' id='par_1_8' title="bbox 222 1139 951 1217">
     <span class='ocr_line' id='line_1_10' title="bbox 222 1139 951 1217; baseline -0.001 -17"><span class='ocrx_word' id='word_1_61' title='bbox 222 1144 255 1200; x_wconf 85' lang='lat' dir='ltr'>et</span> <span class='ocrx_word' id='word_1_62' title='bbox 269 1141 383 1215; x_wconf 83' lang='lat' dir='ltr'>Turn0,</span> <span class='ocrx_word' id='word_1_63' title='bbox 398 1139 425 1200; x_wconf 87' lang='lat' dir='ltr'>si</span> <span class='ocrx_word' id='word_1_64' title='bbox 440 1139 542 1216; x_wconf 88' lang='lat' dir='ltr'>prima</span> <span class='ocrx_word' id='word_1_65' title='bbox 556 1140 666 1200; x_wconf 91' lang='lat' dir='ltr'>domus</span> <span class='ocrx_word' id='word_1_66' title='bbox 680 1145 842 1217; x_wconf 82' lang='lat' dir='ltr'>repetatur</span> <span class='ocrx_word' id='word_1_67' title='bbox 856 1140 951 1217; x_wconf 90' lang='lat' dir='ltr'>origo,</span> 
     </span>
    </p>

    <p class='ocr_par' dir='ltr' id='par_1_9' title="bbox 222 1235 1230 1315">
     <span class='ocr_line' id='line_1_11' title="bbox 222 1235 1230 1315; baseline 0.001 -20"><span class='ocrx_word' id='word_1_68' title='bbox 222 1235 359 1296; x_wconf 88' lang='lat' dir='ltr'>Inachus</span> <span class='ocrx_word' id='word_1_69' title='bbox 373 1235 578 1313; x_wconf 82' lang='lat' dir='ltr'>Acrisiusque</span> <span class='ocrx_word' id='word_1_70' title='bbox 593 1241 697 1314; x_wconf 88' lang='lat' dir='ltr'>patres</span> <span class='ocrx_word' id='word_1_71' title='bbox 713 1236 895 1314; x_wconf 91' lang='lat' dir='ltr'>mediaeque</span> <span class='ocrx_word' id='word_1_72' title='bbox 909 1236 1082 1315; x_wconf 70' lang='lat' dir='ltr'>Mycenae!</span> <span class='ocrx_word' id='word_1_73' title='bbox 1198 1250 1230 1296; x_wconf 88' lang='lat'>10</span> 
     </span>
    </p>
   </div>
   <div class='ocr_carea' id='block_1_3' title="bbox 222 1463 1234 1610">
    <p class='ocr_par' dir='ltr' id='par_1_10' title="bbox 222 1463 1234 1610">
     <span class='ocr_line' id='line_1_12' title="bbox 223 1463 1234 1530; baseline 0 -14"><span class='ocrx_word' id='word_1_74' title='bbox 223 1464 340 1516; x_wconf 74' lang='lat' dir='ltr'>Latiam</span> <span class='ocrx_word' id='word_1_75' title='bbox 361 1465 387 1514; x_wconf 79' lang='lat' dir='ltr'>ie</span> <span class='ocrx_word' id='word_1_76' title='bbox 412 1464 550 1525; x_wconf 72' lang='lat' dir='ltr'>removed,</span> <span class='ocrx_word' id='word_1_77' title='bbox 573 1464 629 1514; x_wconf 81' lang='lat' dir='ltr'>aad</span> <span class='ocrx_word' id='word_1_78' title='bbox 653 1463 762 1524; x_wconf 77' lang='lat' dir='ltr'>Amata,</span> <span class='ocrx_word' id='word_1_79' title='bbox 785 1465 843 1514; x_wconf 81' lang='lat' dir='ltr'>still</span> <span class='ocrx_word' id='word_1_80' title='bbox 869 1463 956 1514; x_wconf 81' lang='lat' dir='ltr'>ander</span> <span class='ocrx_word' id='word_1_81' title='bbox 978 1463 1020 1515; x_wconf 77' lang='lat' dir='ltr'>the</span> <span class='ocrx_word' id='word_1_82' title='bbox 1042 1463 1175 1527; x_wconf 67' lang='lat' dir='ltr'>innuente</span> <span class='ocrx_word' id='word_1_83' title='bbox 1198 1466 1234 1530; x_wconf 90' lang='lat' dir='ltr'>os</span> 
     </span>
     <span class='ocr_line' id='line_1_13' title="bbox 222 1545 951 1610; baseline -0.003 -13"><span class='ocrx_word' id='word_1_84' title='bbox 222 1545 324 1608; x_wconf 77' lang='lat' dir='ltr'>Alecto,</span> <span class='ocrx_word' id='word_1_85' title='bbox 338 1548 478 1598; x_wconf 74' lang='lat' dir='ltr'>simulatas</span> <span class='ocrx_word' id='word_1_86' title='bbox 490 1559 507 1597; x_wconf 87' lang='lat' dir='ltr'>a</span> <span class='ocrx_word' id='word_1_87' title='bbox 520 1547 748 1610; x_wconf 71' lang='lat' dir='ltr'>Bacchicsrenzp,</span> <span class='ocrx_word' id='word_1_88' title='bbox 762 1561 813 1595; x_wconf 87' lang='lat' dir='ltr'>vn.</span> <span class='ocrx_word' id='word_1_89' title='bbox 828 1545 951 1596; x_wconf 83' lang='lat'><strong>373-403.</strong></span> 
     </span>
    </p>
   </div>
   <div class='ocr_carea' id='block_1_4' title="bbox 220 1694 1229 2742">
    <p class='ocr_par' dir='ltr' id='par_1_11' title="bbox 220 1694 1229 2742">
     <span class='ocr_line' id='line_1_14' title="bbox 263 1694 1015 1773; baseline 0 -20"><span class='ocrx_word' id='word_1_90' title='bbox 263 1695 325 1757; x_wconf 93' lang='lat' dir='ltr'>His</span> <span class='ocrx_word' id='word_1_91' title='bbox 339 1695 393 1756; x_wconf 91' lang='lat' dir='ltr'>ubi</span> <span class='ocrx_word' id='word_1_92' title='bbox 407 1695 598 1772; x_wconf 89' lang='lat' dir='ltr'>nequiquam</span> <span class='ocrx_word' id='word_1_93' title='bbox 613 1695 706 1756; x_wconf 87' lang='lat' dir='ltr'>dictis</span> <span class='ocrx_word' id='word_1_94' title='bbox 722 1699 852 1773; x_wconf 84' lang='lat' dir='ltr'>experta</span> <span class='ocrx_word' id='word_1_95' title='bbox 866 1694 1015 1754; x_wconf 87' lang='lat' dir='ltr'>Latinum</span> 
     </span>
     <span class='ocr_line' id='line_1_15' title="bbox 222 1790 1055 1869; baseline -0.001 -17"><span class='ocrx_word' id='word_1_96' title='bbox 222 1797 331 1852; x_wconf 82' lang='lat' dir='ltr'>contra</span> <span class='ocrx_word' id='word_1_97' title='bbox 344 1797 427 1853; x_wconf 90' lang='lat' dir='ltr'>stare</span> <span class='ocrx_word' id='word_1_98' title='bbox 441 1791 530 1851; x_wconf 91' lang='lat' dir='ltr'>videt</span> <span class='ocrx_word' id='word_1_99' title='bbox 543 1791 734 1869; x_wconf 82' lang='lat' dir='ltr'>penitusque</span> <span class='ocrx_word' id='word_1_100' title='bbox 748 1791 783 1850; x_wconf 92' lang='lat' dir='ltr'>in</span> <span class='ocrx_word' id='word_1_101' title='bbox 796 1791 918 1852; x_wconf 88' lang='lat' dir='ltr'>viscera</span> <span class='ocrx_word' id='word_1_102' title='bbox 931 1790 1055 1869; x_wconf 90' lang='lat' dir='ltr'>lapsum</span> 
     </span>
     <span class='ocr_line' id='line_1_16' title="bbox 222 1887 979 1965; baseline -0.004 -15"><span class='ocrx_word' id='word_1_103' title='bbox 222 1888 376 1965; x_wconf 87' lang='lat' dir='ltr'>serpentis</span> <span class='ocrx_word' id='word_1_104' title='bbox 390 1887 506 1947; x_wconf 88' lang='lat' dir='ltr'>furiale</span> <span class='ocrx_word' id='word_1_105' title='bbox 520 1888 640 1947; x_wconf 88' lang='lat' dir='ltr'>malum</span> <span class='ocrx_word' id='word_1_106' title='bbox 653 1893 816 1965; x_wconf 90' lang='lat' dir='ltr'>totamque</span> <span class='ocrx_word' id='word_1_107' title='bbox 831 1893 979 1965; x_wconf 77' lang='lat' dir='ltr'>pererrat,</span> 
     </span>
     <span class='ocr_line' id='line_1_17' title="bbox 222 1984 1005 2060; baseline 0.001 -15"><span class='ocrx_word' id='word_1_108' title='bbox 222 1991 290 2045; x_wconf 87' lang='lat' dir='ltr'>tum</span> <span class='ocrx_word' id='word_1_109' title='bbox 303 2004 378 2045; x_wconf 82' lang='lat' dir='ltr'>vero</span> <span class='ocrx_word' id='word_1_110' title='bbox 392 1984 517 2058; x_wconf 87' lang='lat' dir='ltr'>infelix,</span> <span class='ocrx_word' id='word_1_111' title='bbox 532 1984 712 2060; x_wconf 82' lang='lat' dir='ltr'>ingentibus</span> <span class='ocrx_word' id='word_1_112' title='bbox 728 1984 833 2044; x_wconf 86' lang='lat' dir='ltr'>excita</span> <span class='ocrx_word' id='word_1_113' title='bbox 846 1984 1005 2060; x_wconf 81' lang='lat' dir='ltr'>monstris,</span> 
     </span>
     <span class='ocr_line' id='line_1_18' title="bbox 222 2068 1228 2159; baseline -0.001 -18"><span class='ocrx_word' id='word_1_114' title='bbox 222 2082 405 2157; x_wconf 90' lang='lat' dir='ltr'>immensam</span> <span class='ocrx_word' id='word_1_115' title='bbox 421 2081 489 2142; x_wconf 91' lang='lat' dir='ltr'>sine</span> <span class='ocrx_word' id='word_1_116' title='bbox 503 2099 587 2141; x_wconf 89' lang='lat' dir='ltr'>more</span> <span class='ocrx_word' id='word_1_117' title='bbox 602 2081 682 2140; x_wconf 84' lang='lat' dir='ltr'>furit</span> <span class='ocrx_word' id='word_1_118' title='bbox 696 2068 861 2159; x_wconf 84' lang='lat' dir='ltr'>lymphata</span> <span class='ocrx_word' id='word_1_119' title='bbox 874 2099 930 2158; x_wconf 89' lang='lat' dir='ltr'>per</span> <span class='ocrx_word' id='word_1_120' title='bbox 944 2081 1060 2141; x_wconf 89' lang='lat' dir='ltr'>urbem.</span> <span class='ocrx_word' id='word_1_121' title='bbox 1198 2095 1228 2141; x_wconf 82' lang='lat'>15</span> 
     </span>
     <span class='ocr_line' id='line_1_19' title="bbox 222 2177 1030 2256; baseline -0.002 -18"><span class='ocrx_word' id='word_1_122' title='bbox 222 2197 279 2239; x_wconf 89' lang='lat' dir='ltr'>ceu</span> <span class='ocrx_word' id='word_1_123' title='bbox 293 2179 450 2256; x_wconf 89' lang='lat' dir='ltr'>quondam</span> <span class='ocrx_word' id='word_1_124' title='bbox 463 2184 547 2238; x_wconf 88' lang='lat' dir='ltr'>torto</span> <span class='ocrx_word' id='word_1_125' title='bbox 561 2177 698 2238; x_wconf 86' lang='lat' dir='ltr'>volitans</span> <span class='ocrx_word' id='word_1_126' title='bbox 714 2178 772 2238; x_wconf 94' lang='lat' dir='ltr'>sub</span> <span class='ocrx_word' id='word_1_127' title='bbox 785 2177 914 2237; x_wconf 84' lang='lat' dir='ltr'>verbere</span> <span class='ocrx_word' id='word_1_128' title='bbox 928 2178 1030 2253; x_wconf 82' lang='lat' dir='ltr'>turbo,</span> 
     </span>
     <span class='ocr_line' id='line_1_20' title="bbox 222 2273 1025 2354; baseline -0.001 -20"><span class='ocrx_word' id='word_1_129' title='bbox 222 2293 315 2354; x_wconf 93' lang='lat' dir='ltr'>quem</span> <span class='ocrx_word' id='word_1_130' title='bbox 328 2275 418 2353; x_wconf 89' lang='lat' dir='ltr'>pueri</span> <span class='ocrx_word' id='word_1_131' title='bbox 432 2293 546 2351; x_wconf 90' lang='lat' dir='ltr'>magno</span> <span class='ocrx_word' id='word_1_132' title='bbox 559 2274 594 2334; x_wconf 93' lang='lat' dir='ltr'>in</span> <span class='ocrx_word' id='word_1_133' title='bbox 608 2294 686 2353; x_wconf 87' lang='lat' dir='ltr'>gyro</span> <span class='ocrx_word' id='word_1_134' title='bbox 699 2293 800 2335; x_wconf 84' lang='lat' dir='ltr'>vacua</span> <span class='ocrx_word' id='word_1_135' title='bbox 813 2273 894 2334; x_wconf 89' lang='lat' dir='ltr'>atria</span> <span class='ocrx_word' id='word_1_136' title='bbox 907 2273 1025 2334; x_wconf 88' lang='lat' dir='ltr'>circum</span> 
     </span>
     <span class='ocr_line' id='line_1_21' title="bbox 221 2370 911 2450; baseline -0.004 -18"><span class='ocrx_word' id='word_1_137' title='bbox 221 2372 336 2432; x_wconf 87' lang='lat' dir='ltr'>intenti</span> <span class='ocrx_word' id='word_1_138' title='bbox 350 2373 426 2432; x_wconf 93' lang='lat' dir='ltr'>ludo</span> <span class='ocrx_word' id='word_1_139' title='bbox 440 2376 586 2431; x_wconf 86' lang='lat' dir='ltr'>exercent</span> <span class='ocrx_word' id='word_1_140' title='bbox 601 2370 670 2450; x_wconf 86' lang='lat' dir='ltr'>(ille</span> <span class='ocrx_word' id='word_1_141' title='bbox 685 2377 773 2431; x_wconf 89' lang='lat' dir='ltr'>aetus</span> <span class='ocrx_word' id='word_1_142' title='bbox 788 2371 911 2431; x_wconf 89' lang='lat' dir='ltr'>habena</span> 
     </span>
     <span class='ocr_line' id='line_1_22' title="bbox 220 2467 959 2546; baseline -0.003 -17"><span class='ocrx_word' id='word_1_143' title='bbox 220 2469 358 2529; x_wconf 88' lang='lat' dir='ltr'>curvatis</span> <span class='ocrx_word' id='word_1_144' title='bbox 373 2468 476 2529; x_wconf 88' lang='lat' dir='ltr'>fertur</span> <span class='ocrx_word' id='word_1_145' title='bbox 490 2467 613 2546; x_wconf 88' lang='lat' dir='ltr'>spatiis,</span> <span class='ocrx_word' id='word_1_146' title='bbox 628 2473 735 2544; x_wconf 88' lang='lat' dir='ltr'>stupet</span> <span class='ocrx_word' id='word_1_147' title='bbox 748 2467 849 2528; x_wconf 88' lang='lat' dir='ltr'>inscia</span> <span class='ocrx_word' id='word_1_148' title='bbox 863 2484 959 2544; x_wconf 85' lang='lat' dir='ltr'>supra</span> 
     </span>
     <span class='ocr_line' id='line_1_23' title="bbox 221 2563 1229 2643; baseline 0 -19"><span class='ocrx_word' id='word_1_149' title='bbox 221 2565 427 2643; x_wconf 91' lang='lat' dir='ltr'>impubesque</span> <span class='ocrx_word' id='word_1_150' title='bbox 442 2583 562 2639; x_wconf 89' lang='lat' dir='ltr'>manus,</span> <span class='ocrx_word' id='word_1_151' title='bbox 578 2564 693 2623; x_wconf 89' lang='lat' dir='ltr'>mirata</span> <span class='ocrx_word' id='word_1_152' title='bbox 706 2563 845 2623; x_wconf 86' lang='lat' dir='ltr'>volubile</span> <span class='ocrx_word' id='word_1_153' title='bbox 859 2564 987 2640; x_wconf 88' lang='lat' dir='ltr'>buxum,</span> <span class='ocrx_word' id='word_1_154' title='bbox 1197 2577 1229 2624; x_wconf 75' lang='lat' dir='ltr'>ao</span> 
     </span>
     <span class='ocr_line' id='line_1_24' title="bbox 220 2659 977 2742; baseline -0.001 -20"><span class='ocrx_word' id='word_1_155' title='bbox 220 2662 299 2722; x_wconf 86' lang='lat' dir='ltr'>dant</span> <span class='ocrx_word' id='word_1_156' title='bbox 312 2661 432 2722; x_wconf 89' lang='lat' dir='ltr'>animos</span> <span class='ocrx_word' id='word_1_157' title='bbox 447 2661 582 2742; x_wconf 89' lang='lat' dir='ltr'>plagae),</span> <span class='ocrx_word' id='word_1_158' title='bbox 596 2680 660 2720; x_wconf 93' lang='lat' dir='ltr'>non</span> <span class='ocrx_word' id='word_1_159' title='bbox 674 2678 767 2720; x_wconf 91' lang='lat' dir='ltr'>cursu</span> <span class='ocrx_word' id='word_1_160' title='bbox 782 2659 905 2736; x_wconf 87' lang='lat' dir='ltr'>segnior</span> <span class='ocrx_word' id='word_1_161' title='bbox 919 2660 977 2721; x_wconf 90' lang='lat' dir='ltr'>illo</span> 
     </span>
    </p>
   </div>
   <div class='ocr_carea' id='block_1_5' title="bbox 219 2845 1228 3451">
    <p class='ocr_par' dir='ltr' id='par_1_12' title="bbox 219 2845 1228 3451">
     <span class='ocr_line' id='line_1_25' title="bbox 260 2845 1228 2908; baseline -0.002 -12"><span class='ocrx_word' id='word_1_162' title='bbox 260 2852 281 2896; x_wconf 90' lang='lat'>1.</span> <span class='ocrx_word' id='word_1_163' title='bbox 302 2846 550 2908; x_wconf 74' lang='lat' dir='ltr'>Phrygiuspastor,</span> <span class='ocrx_word' id='word_1_164' title='bbox 562 2848 643 2894; x_wconf 83' lang='lat' dir='ltr'>Paris.</span> <span class='ocrx_word' id='word_1_165' title='bbox 674 2849 697 2894; x_wconf 84' lang='lat'>4.</span> <span class='ocrx_word' id='word_1_166' title='bbox 718 2845 972 2905; x_wconf 68' lang='lat' dir='ltr'>(interamniae.</span> <span class='ocrx_word' id='word_1_167' title='bbox 1002 2848 1025 2893; x_wconf 87' lang='lat'>6.</span> <span class='ocrx_word' id='word_1_168' title='bbox 1046 2845 1228 2903; x_wconf 59' lang='lat' dir='ltr'>sennaser-</span> 
     </span>
     <span class='ocr_line' id='line_1_26' title="bbox 220 2912 1228 2974; baseline -0.003 -9"><span class='ocrx_word' id='word_1_169' title='bbox 220 2917 280 2965; x_wconf 71' lang='lat' dir='ltr'>cled.</span> <span class='ocrx_word' id='word_1_170' title='bbox 310 2919 333 2963; x_wconf 90' lang='lat'>6.</span> <span class='ocrx_word' id='word_1_171' title='bbox 353 2914 440 2962; x_wconf 78' lang='lat' dir='ltr'>Fauni</span> <span class='ocrx_word' id='word_1_172' title='bbox 452 2949 457 2961; x_wconf 92' lang='lat'>.</span> <span class='ocrx_word' id='word_1_173' title='bbox 471 2950 477 2961; x_wconf 92' lang='lat'><em>.</em></span> <span class='ocrx_word' id='word_1_174' title='bbox 490 2949 496 2961; x_wconf 93' lang='lat'>.</span> <span class='ocrx_word' id='word_1_175' title='bbox 508 2914 640 2974; x_wconf 76' lang='lat' dir='ltr'>parentis,</span> <span class='ocrx_word' id='word_1_176' title='bbox 651 2916 765 2971; x_wconf 85' lang='lat' dir='ltr'>Faunus,</span> <span class='ocrx_word' id='word_1_177' title='bbox 776 2917 906 2974; x_wconf 85' lang='lat' dir='ltr'>grandson</span> <span class='ocrx_word' id='word_1_178' title='bbox 916 2916 944 2962; x_wconf 77' lang='lat' dir='ltr'>oi</span> <span class='ocrx_word' id='word_1_179' title='bbox 960 2915 1063 2963; x_wconf 81' lang='lat' dir='ltr'>saturn.</span> <span class='ocrx_word' id='word_1_180' title='bbox 1092 2917 1115 2962; x_wconf 80' lang='lat' dir='ltr'>l.</span> <span class='ocrx_word' id='word_1_181' title='bbox 1136 2912 1228 2962; x_wconf 80' lang='lat' dir='ltr'>libera</span> 
     </span>
     <span class='ocr_line' id='line_1_27' title="bbox 222 2980 1227 3042; baseline -0.003 -11"><span class='ocrx_word' id='word_1_182' title='bbox 222 3018 228 3031; x_wconf 94' lang='lat'>.</span> <span class='ocrx_word' id='word_1_183' title='bbox 242 3019 247 3031; x_wconf 89' lang='lat'>.</span> <span class='ocrx_word' id='word_1_184' title='bbox 261 2981 400 3039; x_wconf 63' lang='lat' dir='ltr'>dissidet,</span> <span class='ocrx_word' id='word_1_185' title='bbox 413 2984 458 3030; x_wconf 79' lang='lat' dir='ltr'>lies</span> <span class='ocrx_word' id='word_1_186' title='bbox 462 2983 521 3039; x_wconf 82' lang='lat' dir='ltr'>free</span> <span class='ocrx_word' id='word_1_187' title='bbox 525 2983 608 3039; x_wconf 84' lang='lat' dir='ltr'>from.</span> <span class='ocrx_word' id='word_1_188' title='bbox 639 2985 676 3029; x_wconf 90' lang='lat'>10.</span> <span class='ocrx_word' id='word_1_189' title='bbox 691 2981 810 3030; x_wconf 74' lang='lat' dir='ltr'>Inachus</span> <span class='ocrx_word' id='word_1_190' title='bbox 821 2980 1003 3040; x_wconf 75' lang='lat' dir='ltr'>Acrisiusque,</span> <span class='ocrx_word' id='word_1_191' title='bbox 1013 2983 1137 3041; x_wconf 84' lang='lat' dir='ltr'>mythical</span> <span class='ocrx_word' id='word_1_192' title='bbox 1147 2983 1227 3042; x_wconf 87' lang='lat' dir='ltr'>kings</span> 
     </span>
     <span class='ocr_line' id='line_1_28' title="bbox 219 3049 1225 3111; baseline -0.002 -12"><span class='ocrx_word' id='word_1_193' title='bbox 219 3053 248 3100; x_wconf 83' lang='lat' dir='ltr'>of</span> <span class='ocrx_word' id='word_1_194' title='bbox 259 3054 349 3111; x_wconf 87' lang='lat' dir='ltr'>Argos.</span> <span class='ocrx_word' id='word_1_195' title='bbox 382 3053 418 3097; x_wconf 91' lang='lat'>13.</span> <span class='ocrx_word' id='word_1_196' title='bbox 440 3049 577 3109; x_wconf 75' lang='lat' dir='ltr'>serpentis</span> <span class='ocrx_word' id='word_1_197' title='bbox 588 3049 690 3097; x_wconf 73' lang='lat' dir='ltr'>furiale</span> <span class='ocrx_word' id='word_1_198' title='bbox 701 3049 813 3107; x_wconf 86' lang='lat' dir='ltr'>malum,</span> <span class='ocrx_word' id='word_1_199' title='bbox 825 3052 906 3097; x_wconf 84' lang='lat' dir='ltr'>dread</span> <span class='ocrx_word' id='word_1_200' title='bbox 914 3052 1008 3108; x_wconf 78' lang='lat' dir='ltr'>poison</span> <span class='ocrx_word' id='word_1_201' title='bbox 1019 3053 1050 3108; x_wconf 86' lang='lat' dir='ltr'>os</span> <span class='ocrx_word' id='word_1_202' title='bbox 1063 3051 1103 3096; x_wconf 85' lang='lat' dir='ltr'>the</span> <span class='ocrx_word' id='word_1_203' title='bbox 1113 3057 1225 3108; x_wconf 69' lang='lat' dir='ltr'>serpent.</span> 
     </span>
     <span class='ocr_line' id='line_1_29' title="bbox 221 3116 1227 3178; baseline -0.002 -11"><span class='ocrx_word' id='word_1_204' title='bbox 221 3123 257 3168; x_wconf 78' lang='lat'>15.</span> <span class='ocrx_word' id='word_1_205' title='bbox 278 3119 429 3178; x_wconf 75' lang='lat' dir='ltr'>lymphata,</span> <span class='ocrx_word' id='word_1_206' title='bbox 441 3119 572 3176; x_wconf 81' lang='lat' dir='ltr'>frenzled.</span> <span class='ocrx_word' id='word_1_207' title='bbox 611 3121 647 3164; x_wconf 91' lang='grc'>16.</span> <span class='ocrx_word' id='word_1_208' title='bbox 669 3128 726 3174; x_wconf 84' lang='lat' dir='ltr'>eeu,</span> <span class='ocrx_word' id='word_1_209' title='bbox 741 3119 801 3175; x_wconf 75' lang='lat' dir='ltr'>just</span> <span class='ocrx_word' id='word_1_210' title='bbox 818 3132 855 3174; x_wconf 81' lang='lat' dir='ltr'>aa,</span> <span class='ocrx_word' id='word_1_211' title='bbox 876 3117 935 3165; x_wconf 77' lang='lat' dir='ltr'>like.</span> <span class='ocrx_word' id='word_1_212' title='bbox 972 3119 1009 3164; x_wconf 89' lang='grc'>16.</span> <span class='ocrx_word' id='word_1_213' title='bbox 1030 3119 1105 3164; x_wconf 81' lang='lat' dir='ltr'>torto</span> <span class='ocrx_word' id='word_1_214' title='bbox 1117 3151 1123 3163; x_wconf 84' lang='lat'><em>.</em></span> <span class='ocrx_word' id='word_1_215' title='bbox 1136 3151 1142 3163; x_wconf 82' lang='grc'><strong>.</strong></span> <span class='ocrx_word' id='word_1_216' title='bbox 1155 3151 1161 3163; x_wconf 82' lang='grc'><strong>.</strong></span> <span class='ocrx_word' id='word_1_217' title='bbox 1173 3116 1227 3165; x_wconf 75' lang='lat' dir='ltr'>sub</span> 
     </span>
     <span class='ocr_line' id='line_1_30' title="bbox 219 3183 1225 3244; baseline -0.003 -9"><span class='ocrx_word' id='word_1_218' title='bbox 219 3186 343 3244; x_wconf 77' lang='lat' dir='ltr'>verbere,</span> <span class='ocrx_word' id='word_1_219' title='bbox 362 3190 445 3235; x_wconf 84' lang='lat' dir='ltr'>under</span> <span class='ocrx_word' id='word_1_220' title='bbox 465 3200 481 3233; x_wconf 87' lang='lat' dir='ltr'>a</span> <span class='ocrx_word' id='word_1_221' title='bbox 501 3187 625 3243; x_wconf 69' lang='lat' dir='ltr'>whirliap</span> <span class='ocrx_word' id='word_1_222' title='bbox 646 3186 717 3232; x_wconf 84' lang='lat' dir='ltr'>blow.</span> <span class='ocrx_word' id='word_1_223' title='bbox 748 3188 784 3232; x_wconf 91' lang='lat'>16.</span> <span class='ocrx_word' id='word_1_224' title='bbox 806 3183 896 3242; x_wconf 80' lang='lat' dir='ltr'>turbo,</span> <span class='ocrx_word' id='word_1_225' title='bbox 916 3191 966 3244; x_wconf 80' lang='lat' dir='ltr'>top.</span> <span class='ocrx_word' id='word_1_226' title='bbox 997 3186 1034 3232; x_wconf 82' lang='grc'>17.</span> <span class='ocrx_word' id='word_1_227' title='bbox 1056 3188 1225 3244; x_wconf 75' lang='lat' dir='ltr'>gyro„rin9.</span> 
     </span>
     <span class='ocr_line' id='line_1_31' title="bbox 220 3252 1226 3311; baseline -0.006 -7"><span class='ocrx_word' id='word_1_228' title='bbox 220 3258 257 3304; x_wconf 84' lang='lat'>18.</span> <span class='ocrx_word' id='word_1_229' title='bbox 274 3252 388 3310; x_wconf 82' lang='lat' dir='ltr'>habena,</span> <span class='ocrx_word' id='word_1_230' title='bbox 411 3255 475 3302; x_wconf 77' lang='lat' dir='ltr'>laad.</span> <span class='ocrx_word' id='word_1_231' title='bbox 507 3257 543 3301; x_wconf 80' lang='lat'>19.</span> <span class='ocrx_word' id='word_1_232' title='bbox 562 3255 658 3311; x_wconf 75' lang='lat' dir='ltr'>stupet</span> <span class='ocrx_word' id='word_1_233' title='bbox 670 3287 675 3298; x_wconf 91' lang='lat'>.</span> <span class='ocrx_word' id='word_1_234' title='bbox 689 3287 695 3299; x_wconf 84' lang='lat'><em>.</em></span> <span class='ocrx_word' id='word_1_235' title='bbox 709 3287 715 3299; x_wconf 94' lang='lat'><strong><em>.</em></strong></span> <span class='ocrx_word' id='word_1_236' title='bbox 727 3264 820 3311; x_wconf 81' lang='lat' dir='ltr'>supra,</span> <span class='ocrx_word' id='word_1_237' title='bbox 836 3254 927 3300; x_wconf 79' lang='lat' dir='ltr'>stands</span> <span class='ocrx_word' id='word_1_238' title='bbox 947 3266 1006 3300; x_wconf 86' lang='lat' dir='ltr'>over</span> <span class='ocrx_word' id='word_1_239' title='bbox 1025 3253 1046 3298; x_wconf 80' lang='lat' dir='ltr'>ir</span> <span class='ocrx_word' id='word_1_240' title='bbox 1067 3253 1226 3298; x_wconf 67' lang='lat' dir='ltr'>aetonnhed.</span> 
     </span>
     <span class='ocr_line' id='line_1_32' title="bbox 221 3318 1227 3381; baseline -0.002 -10"><span class='ocrx_word' id='word_1_241' title='bbox 221 3327 257 3371; x_wconf 84' lang='lat'>19.</span> <span class='ocrx_word' id='word_1_242' title='bbox 271 3324 358 3373; x_wconf 77' lang='lat' dir='ltr'>inscia</span> <span class='ocrx_word' id='word_1_243' title='bbox 371 3357 377 3370; x_wconf 89' lang='lat'>.</span> <span class='ocrx_word' id='word_1_244' title='bbox 390 3357 396 3369; x_wconf 92' lang='lat'><em>.</em></span> <span class='ocrx_word' id='word_1_245' title='bbox 411 3320 606 3381; x_wconf 79' lang='lat' dir='ltr'>.lm1rubesque</span> <span class='ocrx_word' id='word_1_246' title='bbox 618 3331 725 3379; x_wconf 82' lang='lat' dir='ltr'>manus,</span> <span class='ocrx_word' id='word_1_247' title='bbox 737 3323 859 3379; x_wconf 71' lang='lat' dir='ltr'>ipnorcnt</span> <span class='ocrx_word' id='word_1_248' title='bbox 869 3320 994 3381; x_wconf 75' lang='lat' dir='ltr'>youttsul</span> <span class='ocrx_word' id='word_1_249' title='bbox 1003 3321 1094 3369; x_wconf 71' lang='lat' dir='ltr'>crowd</span> <span class='ocrx_word' id='word_1_250' title='bbox 1124 3321 1162 3368; x_wconf 73' lang='lat'>20.</span> <span class='ocrx_word' id='word_1_251' title='bbox 1178 3318 1227 3369; x_wconf 86' lang='lat' dir='ltr'>bu·</span> 
     </span>
     <span class='ocr_line' id='line_1_33' title="bbox 220 3388 794 3451; baseline -0.005 -12"><span class='ocrx_word' id='word_1_252' title='bbox 220 3402 294 3451; x_wconf 85' lang='lat' dir='ltr'>xum,</span> <span class='ocrx_word' id='word_1_253' title='bbox 304 3392 422 3442; x_wconf 79' lang='lat' dir='ltr'>bocwood</span> <span class='ocrx_word' id='word_1_254' title='bbox 433 3388 508 3450; x_wconf 79' lang='lat' dir='ltr'>(top).</span> <span class='ocrx_word' id='word_1_255' title='bbox 539 3391 576 3436; x_wconf 84' lang='lat'>21.</span> <span class='ocrx_word' id='word_1_256' title='bbox 592 3388 700 3448; x_wconf 74' lang='lat' dir='ltr'>plagae,</span> <span class='ocrx_word' id='word_1_257' title='bbox 710 3388 794 3436; x_wconf 81' lang='lat' dir='ltr'>blowa</span> 
     </span>
    </p>
   </div>
   <div class='ocr_carea' id='block_1_6' title="bbox 0 0 1246 3876">
    <p class='ocr_par' dir='ltr' id='par_1_13' title="bbox 0 0 1246 3876">
     <span class='ocr_line' id='line_1_34' title="bbox 0 0 1246 3876; baseline 0 0"><span class='ocrx_word' id='word_1_258' title='bbox 0 0 1246 3876; x_wconf 95' lang='lat' dir='ltr'> </span> 
     </span>
    </p>
   </div>
  </div>
 </body>
</html>
