2484 3876
62 152 171 219 att-86]
338 153 412 202 Tnu
436 153 552 204 STORY
575 153 622 202 OF
645 152 798 204 TURNUS.

63 315 120 392 qui
135 320 167 374 te
181 333 313 394 cumque
328 321 457 403 marrent
470 315 532 375 isto
545 315 716 375 certamine
730 334 829 390 casus,

62 417 96 471 et
111 430 169 486 me,
185 414 298 486 Turne,
314 418 458 471 manent:
483 412 576 471 simul
590 412 667 471 haec
681 412 786 473 invisa
799 411 974 491 relinquam

62 507 185 568 lumina
198 527 255 567 nec
269 527 416 584 generum
431 509 560 568 Aenean
576 508 701 586 captiva
714 509 845 569 videbo!

63 605 185 683 accepit
199 624 305 665 rocem
320 605 457 679 lacrimis
472 605 607 664 Lavinia
620 605 730 665 matris

62 701 226 777 flagrantis
240 701 370 779 perfusa
384 721 487 777 genas,
503 702 554 761 cui
568 701 723 778 plurimus
738 702 843 778 ignem

63 799 198 859 subiecit
212 799 306 858 rubor
320 804 352 858 et
366 799 519 858 calefacta
532 817 588 875 per
602 817 656 858 ora
670 799 816 859 cucurrit.

62 894 179 953 Indum
195 895 364 971 sanguineo
379 895 477 955 veluti
492 895 659 956 violaverit
674 902 758 956 ostro

62 991 90 1052 si
106 991 176 1069 quis
192 992 276 1067 ebur,
292 1000 346 1052 aut
360 993 460 1053 mixta
474 993 586 1052 rubent
601 993 654 1052 ubi
668 992 738 1052 lilia
752 993 853 1053 multa

61 1088 135 1148 alba
149 1107 227 1163 rosa,
242 1088 316 1149 talis
332 1090 419 1165 virgo
434 1089 529 1149 dabat
543 1107 594 1148 cre
609 1089 734 1150 colores.

60 1184 154 1243 illum
168 1186 275 1245 turbat
289 1204 383 1259 amor,
398 1185 529 1263 figitque
544 1186 578 1244 in
592 1184 843 1262 virgine‘vultus
1036 1201 1065 1248 10

61 1282 152 1342 ardet
165 1282 199 1339 in
213 1300 299 1341 arma
313 1282 412 1358 magis
426 1283 596 1360 paucisque
611 1283 737 1343 adfatur
751 1284 915 1343 Amatam:

62 1383 70 1413 ‘
79 1378 139 1453 Ne,
154 1395 279 1455 quaeso,
294 1397 333 1437 ne
348 1397 397 1437 me
412 1379 549 1439 lacrimis
564 1397 643 1438 neve
658 1380 760 1438 omine
774 1386 862 1441 tanto

60 1493 248 1552 prosequere
262 1476 295 1533 in
310 1476 381 1534 duri
395 1476 567 1534 certamina
581 1476 695 1536 Martis
710 1483 844 1552 euntem,

60 1590 79 1630 o
94 1578 210 1647 mater,
232 1591 333 1648 neque
348 1572 431 1630 enirn
446 1574 554 1631 Turno
569 1591 657 1631 mora
670 1572 768 1632 libera
781 1573 899 1633 mortis.

60 1668 191 1727 nuntius
205 1668 281 1728 haec
296 1668 409 1727 Idmon
424 1668 565 1745 Phrygio
580 1687 650 1727 mea
664 1669 749 1727 dicta
762 1675 896 1746 tyranno
1035 1684 1063 1732 16

59 1765 147 1823 haud
160 1764 316 1841 placitura
329 1764 427 1823 refer:
451 1783 521 1822 cum
536 1765 672 1841 primurn
687 1765 823 1825 crastina
836 1766 922 1825 caelo

59 1860 201 1939 puniceis
217 1861 342 1920 inrecta
355 1860 433 1919 rotis
448 1861 570 1919 Aurora
585 1861 716 1935 rubebit,

59 1976 122 2015 non
137 1959 271 2016 Teucros
287 1963 359 2032 agat
372 1957 407 2014 in
421 1956 574 2032 Rutulos3
597 1958 750 2015 Teucrum
765 1976 852 2018 arma
866 1960 1029 2037 quiescant

59 2060 93 2112 et
107 2052 235 2128 Rutuli3
259 2061 365 2112 nostro
380 2039 563 2112 dirimamus
579 2053 729 2128 sanguine
744 2054 861 2113 bellum
870 2078 878 2131 3

59 2148 116 2208 illo
131 2156 299 2226 quaeratur
313 2150 449 2208 coniunx
464 2149 599 2208 Lavinia
612 2150 740 2226 eampo!
1033 2167 1063 2213 20

100 2245 188 2304 Haec
202 2247 255 2305 ubi
271 2247 356 2305 dicta
370 2247 458 2305 dedit
473 2246 662 2324 rapidusque
677 2247 710 2305 in
725 2253 809 2307 tecta
823 2250 959 2326 recessit,

58 2342 161 2419 poscit
174 2360 269 2419 equos
285 2343 462 2419 gaudetque
476 2349 568 2403 tuens
584 2350 657 2402 ante
671 2362 726 2403 ora
740 2343 912 2420 frementis,

58 2437 206 2497 Pilumno
221 2458 298 2515 quos
313 2440 383 2516 ipsa
397 2439 489 2498 decus
504 2439 592 2498 dedit
606 2440 761 2519 Orithyia,

57 2535 113 2612 qui
128 2535 260 2594 candore
275 2536 364 2595 nives
379 2536 543 2610 anteirent,
559 2538 701 2598 cursibus
716 2557 814 2598 auras.

56 2631 263 2691 circumstant
278 2633 402 2710 properi
417 2633 543 2708 aurigae
558 2635 764 2711 manibusque
779 2635 938 2697 lacessunt
1031 2653 1060 2700 26

56 2735 184 2806 pectora
198 2728 308 2805 plausa
321 2729 406 2790 cavis
422 2736 454 2787 et
468 2728 549 2789 colla
562 2732 717 2790 comantia
732 2738 869 2808 pectunt.

96 2934 117 2978 1.
138 2931 373 2990 qui...cumque‚
397 2933 531 2980 whatever.
571 2935 594 2980 6.
614 2932 918 2996 flagrantia...genaa,
945 2939 1059 2997 turrano

56 3000 154 3047 cteeka.
184 3001 206 3045 6.
228 2998 320 3056 rubor,
342 3001 424 3046 bloet.
455 3003 476 3048 6.
497 3000 640 3056 calefacta,
662 3002 781 3060 turnino.
812 3006 834 3050 7.
856 3007 940 3062 ostro,
957 3009 1056 3066 purple.

55 3069 78 3114 9.
99 3065 172 3122 alba,
184 3068 246 3112 with
265 3069 330 3114 lilio.
363 3070 397 3114 16.
418 3067 547 3123 crastina,
561 3071 734 3116 tocnorrcw'e
766 3073 801 3118 17.
822 3072 954 3132 puniceis,
967 3077 1058 3132 flame-

57 3136 162 3182 colcred.
188 3138 223 3181 16.
240 3134 510 3191 dirimamua,decide.
541 3138 576 3182 23.
592 3135 787 3194 Orithyiawire
795 3140 823 3184 of
831 3141 934 3189 Boreas.
960 3145 997 3189 24.
1013 3154 1058 3190 an-

54 3202 165 3256 teirent,
181 3205 297 3249 rr'called.
328 3207 365 3250 25.
387 3205 496 3262 properi
516 3203 637 3262 aurigae,
654 3205 748 3251 nimble
768 3208 930 3256 carnotens.
961 3213 998 3257 25.
1019 3211 1057 3258 la-

55 3272 174 3325 trabunt,
196 3277 252 3329 pat.
297 3273 334 3317 26.
360 3271 467 3330 plausa,
498 3273 635 3329 soundinp.
677 3274 715 3319 26.
740 3272 824 3332 cavia,
854 3277 953 3333 tollore,
983 3293 1055 3336 open.

54 3341 91 3385 26.
113 3341 234 3396 pectunt,
252 3340 331 3386 comt.
