2484 3876
114 187 255 253 aarum]
390 188 464 237 rna
488 187 604 238 snosr
627 187 674 238 or
696 187 850 239 suarius

114 369 173 411 nec
188 369 255 411 sese
269 349 394 410 Aeneae
409 349 540 410 iactavit
552 349 683 411 vulnere
698 351 874 428 quisquam.

114 449 249 522 Turnus,
263 454 300 506 ut
314 447 444 506 Aenean
458 447 620 506 cedentem
635 466 673 506 ex
688 449 812 524 agmine
826 447 909 508 vidit

114 545 319 621 turbatosque
333 545 436 619 duceS,
453 543 558 604 subita
572 562 627 621 spe
641 544 785 605 fervidus
799 546 906 621 ardet3

114 642 217 719 poscit
231 660 326 718 equos
341 647 435 718 atque
450 640 644 700 armasimul
660 640 806 718 saltuque
822 641 974 720 superbus

114 737 229 796 emicat
243 737 277 795 in
291 756 415 796 currum
431 742 462 796 et
476 737 620 798 manibus
636 737 764 797 molitur
778 738 926 800 habenas.
1106 750 1122 796 o

114 834 217 893 multa
229 833 332 893 virum
347 833 482 894 volitans
497 834 553 893 dat
567 833 665 894 fortia
678 853 808 913 corpora
822 837 910 913 Lete,

115 930 285 991 semineces
300 929 401 990 volvit
415 929 531 990 multos
546 936 601 990 aut
615 931 741 1008 agmina
754 952 848 993 curru

114 1027 249 1104 proterit
262 1032 316 1087 aut
330 1030 437 1105 raptas
451 1026 647 1102 fugientibus
661 1028 778 1104 ingerit
792 1029 910 1092 hastas.

116 1281 206 1331 While
218 1283 325 1333 'liunus
341 1283 442 1333 isthus
456 1283 593 1346 occupied,
605 1283 713 1334 Aeneas
730 1284 754 1335 is
770 1284 815 1335 led
831 1290 861 1336 to
877 1286 924 1337 the
941 1299 1029 1351 camp.
1064 1288 1122 1339 The

115 1363 215 1414 wound
226 1364 291 1415 does
305 1370 354 1414 not
370 1365 444 1428 yield
460 1371 489 1416 to
507 1366 634 1428 ordinary
646 1372 792 1417 treatment
808 1367 863 1417 and
880 1369 927 1418 the
944 1369 1059 1433 Trojans
1076 1384 1122 1420 are

115 1449 143 1496 in
164 1446 278 1511 dismay.
324 1449 427 1507 Venus,
446 1449 578 1509 however,
595 1448 673 1499 lends
694 1449 745 1498 her
767 1449 820 1512 aid,
840 1450 895 1500 and
915 1451 961 1501 the
979 1452 1079 1502 wound
1099 1453 1122 1504 is

115 1528 248 1593 suddenly
265 1529 371 1592 healed,
390 1544 441 1580 111.
453 1529 576 1581 331-424.

116 1675 222 1727 Aeneae
244 1677 373 1727 demands
396 1677 438 1726 tis
460 1689 584 1739 wecpoos
607 1676 663 1727 aad
686 1677 744 1728 tide
764 1676 902 1730 Ascanius
917 1679 1051 1743 sarcwell,
1070 1694 1121 1731 111.

115 1757 238 1808 cao-440,
605 1778 608 1782 ⁴

116 1903 234 1963 ‘Arma
246 1903 304 1964 citi
318 1909 484 1983 properate
496 1903 582 1964 viro!
605 1905 682 1982 quid
697 1905 790 1966 statis
800 1906 833 1966 ?'
847 1906 952 1986 Iapyx

115 1999 290 2060 conclamat
304 2001 486 2079 primusque
501 2001 621 2061 animos
636 2002 778 2062 accendit
791 2002 826 2061 in
839 2004 971 2065 hostem
1094 2018 1123 2065 10

116 2102 125 2132 ‘
133 2097 207 2156 Non
221 2096 297 2157 haec
312 2097 458 2158 humanis
472 2097 593 2175 opibus,
608 2117 672 2157 non
686 2104 753 2159 arte
767 2099 919 2176 magistra

115 2194 307 2271 proveniunt
321 2211 422 2271 neque
436 2200 478 2270 te,
493 2194 609 2268 Aenea,
624 2213 695 2254 mea
708 2196 838 2256 dextera
852 2203 974 2259 servat:

115 2289 214 2349 maior
228 2290 295 2366 agit
309 2291 386 2350 deus
401 2296 495 2368 atque
510 2308 604 2367 opera
618 2291 658 2349 ad
673 2291 792 2351 maiora
805 2292 960 2370 remittit,'

115 2386 171 2446 ille
185 2386 296 2447 avidus
311 2405 435 2464 pugnae
450 2405 538 2448 suras
553 2386 726 2447 incluserat
739 2406 814 2448 auro

115 2483 190 2543 hinc
204 2489 299 2561 atquc
313 2483 387 2543 hinc
402 2483 531 2561 oditque
545 2502 647 2545 moras
661 2483 847 2562 hastamque
861 2491 1011 2547 coruscat
1094 2499 1123 2546 lo

115 2585 282 2657 postquam
295 2580 413 2640 habilis
427 2580 519 2640 lateri
533 2579 654 2659 clipeus
669 2581 827 2660 loricaque
841 2588 930 2659 tergo
944 2587 1002 2660 est,

115 2676 288 2737 Ascanium
302 2676 384 2737 fusis
398 2677 516 2737 circum
530 2677 748 2755 complectitur
762 2679 858 2739 armis

116 2792 299 2852 summaque
313 2792 370 2851 per
384 2774 505 2850 galeam
520 2773 663 2835 delibans
678 2775 785 2836 oscula
798 2776 904 2836 fatur:

117 2869 229 2944 ‘disca
244 2889 330 2948 puer,
345 2870 496 2930 virtutem
510 2887 549 2928 ex
563 2888 613 2929 mc
627 2889 798 2950 verumque
813 2872 961 2948 laborem,

116 2966 277 3026 fortunam
291 2984 330 3025 ex
345 2966 425 3026 aliis.
467 2984 550 3026 nunc
564 2971 596 3026 te
608 2985 681 3027 -mea
695 2969 825 3028 dextera
838 2968 922 3030 bello
1093 2983 1124 3030 πο

156 3166 177 3206 1.
198 3172 257 3209 sese
270 3195 275 3206 .
289 3196 294 3207 .
308 3159 449 3217 ‚iactavit
462 3162 572 3209 boasted.
602 3165 625 3209 4.
642 3162 725 3219 saltu,
738 3165 803 3221 leap.
833 3166 857 3211 o.
873 3163 998 3212 menibus
1009 3163 1123 3213 molitur

115 3227 245 3284 habenas,
261 3231 339 3276 eeizee
357 3231 398 3276 the
416 3231 494 3276 retas.
524 3231 546 3274 8.
568 3228 694 3286 proterit,
712 3232 841 3288 traiieples.
872 3234 894 3277 8.
915 3231 1025 3291 ingerit,
1041 3233 1121 3281 hurle.

116 3300 138 3341 9.
160 3295 255 3354 Iapyx,
267 3299 311 3344 the
322 3299 456 3356 physician
468 3298 495 3342 oi
506 3298 614 3344 Aeneas.
644 3300 680 3344 12.
698 3297 872 3356 proveniunt,
883 3300 993 3357 hoppen.
1026 3302 1061 3346 16.
1077 3299 1121 3346 hu

116 3361 277 3421 biliaflued.
309 3367 345 3412 18.
366 3362 499 3419 delibans,
513 3365 646 3422 enectine.
