2484 3876
115 162 154 222 36
457 163 611 213 vuncmr
634 161 774 212 annuis.
961 161 1113 226 [Booxxr

116 325 174 374 'l‘he
194 325 380 376 embassadors
400 327 468 376 have
491 324 618 376 returned
641 324 712 374 from
729 325 775 375 the
794 324 849 388 city
867 323 896 374 oi
917 324 1061 375 Diomede.
1095 324 1119 373 Δ

117 408 222 457 eouncil
245 409 268 458 is
290 408 376 458 called
401 423 465 458 over
487 409 575 458 which
603 408 718 458 Latinus
746 406 881 469 presides:
912 407 1048 457 Diomede
1075 407 1120 456 has

117 490 240 540 declined
262 495 290 540 to
313 491 359 541 aid
381 492 463 552 them,
489 491 543 541 and
566 489 675 541 advised
698 491 773 540 them
795 495 823 539 to
846 489 927 539 make
950 504 1035 552 peace
1057 489 1120 540 with

117 574 232 623 Aeneas.
281 574 320 623 At
340 574 393 624 this
410 579 502 636 repert
521 574 568 624 the
587 573 693 624 counoil
713 573 736 623 is
755 572 862 623 thrown
885 572 945 622 into
968 571 1118 634 confusion,

118 671 155 705 ιι.
170 656 293 706 225-299.

266 816 383 866 Latinas
391 817 485 879 specte
496 817 526 866 ia
537 818 621 878 jocor
633 817 665 879 os
673 829 764 879 peace,
778 829 816 865 ιι.
831 813 957 865 300-336.

120 976 166 1036 Ut
180 975 316 1052 primum
330 975 446 1053 placati
461 974 558 1035 animi
573 981 605 1035 et
619 974 743 1051 trepida
756 992 811 1034 ora
824 972 982 1053 quierimt,

119 1072 279 1148 praefatus
295 1072 383 1133 divos
398 1073 476 1132 solio
491 1091 545 1131 rex
560 1071 631 1130 infit
646 1072 685 1131 ab
700 1071 780 1130 alto:

161 1168 261 1228 ‘Ante
275 1169 421 1247 equidem
435 1188 556 1229 summa
570 1169 609 1228 de
623 1187 656 1228 re
671 1167 830 1243 statuisse,
845 1165 964 1243 Latini,

120 1271 151 1325 et
165 1265 279 1324 vellem
293 1271 325 1324 et
339 1266 444 1325 fuerat
457 1265 579 1340 melius,
594 1284 658 1324 non
672 1271 812 1342 tempore
826 1263 884 1322 tali

119 1380 227 1438 eogere
241 1362 415 1437 concilium,
431 1381 502 1421 cum
516 1382 620 1423 muros
635 1362 759 1422 adsidet
773 1359 882 1421 hostis.

119 1458 236 1518 bellum
250 1459 472 1536 importunum,
487 1459 580 1534 cives,
596 1477 667 1517 cum
681 1464 774 1534 gente
789 1458 918 1517 deorum

119 1554 308 1633 invictisque
323 1556 400 1615 viris
416 1555 561 1630 gerimus,
576 1574 654 1631 quos
668 1554 757 1613 nulla
771 1553 909 1629 fatigant

120 1651 246 1729 proelia,
262 1670 319 1710 nec
333 1652 411 1710 victi
425 1656 557 1728 possunt
571 1651 722 1711 absistere
736 1650 831 1710 ferro,

120 1767 207 1826 spem
222 1748 249 1808 si
261 1766 355 1826 quam
370 1748 476 1807 ascitis
491 1747 640 1806 Aetolum
654 1746 809 1807 habuistis
824 1746 858 1804 in
873 1745 977 1820 armis,

119 1845 234 1923 ponite.
281 1863 352 1920 spes
385 1843 445 1902 sibi
476 1843 625 1921 quisque3
665 1844 720 1903 sed
747 1844 824 1903 haec
854 1861 948 1920 quam
979 1847 1122 1921 angusta

200 1941 323 2001 videtis.
1096 1951 1124 1996 10

119 2044 223 2098 cetera
236 2056 299 2115 qua
312 2056 416 2096 rerum
431 2037 553 2096 iaceant
568 2036 712 2113 perculsa
724 2035 824 2112 ruina,

120 2140 192 2193 ante
207 2134 311 2194 oculos
325 2134 470 2212 interque
484 2152 595 2192 manus
610 2138 684 2193 sunt
698 2132 803 2192 omnia
816 2136 945 2191 vestras.

120 2249 176 2289 nec
190 2249 377 2308 quemquam
392 2230 517 2290 incuso:
539 2229 737 2307 potuitquae
752 2228 890 2305 plurima
904 2226 1007 2288 virtus

120 2345 196 2400 esse,
211 2326 291 2402 fuit3
314 2332 380 2386 toto
395 2332 547 2386 certatum
563 2331 611 2386 est
625 2344 753 2403 corpore
767 2324 863 2400 regni.

120 2442 203 2482 nunc
217 2424 303 2498 ade0‚
319 2442 399 2501 quae
415 2424 456 2483 sit
470 2423 582 2482 dubiae
598 2422 755 2482 sententia
768 2421 876 2496 menti,

121 2521 283 2598 expediam
298 2526 330 2580 et
344 2521 453 2597 paucis
470 2519 603 2598 (animos
618 2519 779 2599 adhibete)
796 2517 920 2577 docebo,

120 2623 168 2678 est
182 2619 331 2696 antiquus
346 2636 418 2692 ager
432 2618 534 2676 Tusco
549 2616 627 2674 mihi
642 2616 804 2693 proximus
819 2614 914 2689 amni,

120 2714 230 2789 longus
245 2714 279 2772 in
293 2732 445 2788 occasum,
460 2713 533 2772 finis
550 2731 643 2789 super
657 2731 755 2790 usque
771 2711 916 2787 Sicanos3

120 2810 261 2870 Aurunci
275 2811 449 2888 Rutulique
465 2815 573 2870 serunt
588 2815 619 2893 et
634 2827 757 2868 vomere
772 2809 865 2868 duros

159 3010 180 3056 1.
199 3006 335 3067 quierunt,
360 3009 427 3054 from
453 3007 562 3066 quiesco.
602 3007 625 3051 2.
647 3003 723 3063 solio,
749 3010 812 3062 sect,
839 3005 936 3051 ttroae.
976 3005 1000 3050 9.
1021 3000 1124 3059 accitu,

121 3077 260 3135 auaeiliary.
291 3079 313 3122 9.
332 3074 465 3132 Aetolum,
492 3074 637 3120 Diomede’s
661 3075 798 3120 followers.
836 3075 872 3119 11.
893 3070 1031 3130 perculsa,
1058 3085 1126 3119 ovea

121 3147 229 3192 ttrown.
260 3145 295 3190 13.
313 3141 416 3198 meuse,
443 3156 541 3189 accuse.
572 3144 607 3188 14.
628 3151 747 3198 comere,
769 3141 894 3198 streaptlt.
925 3142 962 3187 17.
983 3138 1125 3186 Tusco...

120 3209 202 3268 amni,
213 3213 254 3258 te.
266 3213 310 3258 the
320 3211 404 3258 Tiber.
436 3213 472 3257 18.
494 3208 592 3268 longus
603 3208 632 3254 in
642 3219 774 3265 occasum,
785 3210 835 3265 far
846 3213 870 3254 to
882 3208 923 3254 the
933 3213 1002 3254 west.
1034 3208 1071 3253 18.
1091 3204 1127 3252 Si-

120 3290 210 3334 oanos,
221 3280 265 3325 the
276 3279 363 3334 Siculi,
375 3279 456 3324 found
466 3277 525 3325 first
535 3279 562 3324 in
573 3278 642 3336 Italy
652 3278 703 3324 and
719 3278 785 3323 later
799 3277 826 3322 in
842 3277 930 3335 Sicily.
961 3277 997 3322 19.
1020 3275 1124 3328 serunt,

122 3348 169 3395 till.
