2484 3876
119 186 263 251 632-682.]
399 185 473 234 ΤΗΕ
497 184 614 234 STORY
637 185 683 235 OF
706 182 859 238 TURNUS·
1090 191 1130 251 59

120 368 200 428 quos
215 367 345 425 generos
359 353 450 408 vocet
464 354 519 407 aut
533 366 611 424 qnae
626 366 694 408 sese
709 349 751 408 ad
763 350 893 409 foedera
905 349 1019 412 flectat.

120 451 284 525 praeterea
297 445 413 522 regina,
429 445 478 504 tui
492 444 654 519 fidissima,
671 446 782 505 dextra

120 543 237 604 occidit
252 543 322 620 ipsa
336 561 393 602 sua
406 542 571 618 lucemque
585 542 736 602 exterrita
749 543 842 618 fugit.

120 640 181 701 soli
195 658 253 717 pro
267 639 366 717 portis
381 640 546 716 Messapus
562 643 594 697 et
608 656 678 698 acer
692 639 807 700 Atinas

120 741 301 797 sustentant
315 736 406 796 acies.
449 735 565 795 circum
580 735 637 795 hos
651 736 812 814 utrimque
826 738 999 815 phalanges
1113 753 1129 800 5

120 839 207 894 stant
221 833 336 892 densae
352 831 534 908 strictisque
549 850 637 907 seges
652 834 852 895 mucronibus
866 835 974 896 horret

119 932 239 990 ferrea:
262 934 298 988 tu
312 948 437 989 currum
452 930 575 989 deserto
590 929 623 987 in
639 930 779 1006 gramine
793 933 919 993 versas!

119 1027 274 1104 obstipuit
288 1026 376 1086 varia
390 1025 539 1086 confusus
554 1026 691 1102 imagine
706 1045 809 1087 rerum

119 1126 245 1183 Turnus
260 1129 292 1182 et
306 1123 419 1182 obtutu
434 1123 531 1182 tacito
547 1124 653 1199 stetit;
677 1130 800 1185 aestuat
814 1126 925 1202 ingens

118 1240 181 1280 uno
196 1220 230 1279 in
245 1220 336 1279 corde
351 1220 451 1297 pudor
466 1219 626 1297 mixtoque
642 1221 766 1281 insania
779 1222 867 1282 luctu

119 1324 150 1377 et
164 1317 259 1377 furiis
274 1317 411 1392 agitatus
427 1335 513 1376 amor
528 1323 560 1376 et
574 1318 699 1378 conscia
712 1319 822 1378 virtus.

118 1419 154 1474 ut
167 1414 306 1491 primum
321 1414 481 1474 discussae
497 1415 625 1474 umbrae
641 1420 673 1474 et
686 1414 743 1473 lux
757 1414 881 1475 reddita
893 1414 1001 1493 menti,

119 1511 259 1571 ardentis
275 1511 433 1571 oculorum
449 1511 533 1571 orbis
547 1512 587 1571 ad
602 1511 726 1570 moenia
739 1511 831 1572 torsit

118 1607 263 1669 turbidus
279 1626 357 1685 eque
372 1609 450 1669 rotis
465 1626 610 1684 magnam
625 1607 764 1685 respexit
778 1608 819 1668 ad
832 1608 949 1669 urbem.

118 1722 188 1764 ecoe
203 1710 309 1763 autem
324 1704 459 1765 flammis
473 1705 557 1764 inter
570 1704 713 1764 tabulata
727 1705 853 1765 volutus
1096 1719 1126 1768 15

118 1802 159 1861 ad
172 1801 293 1860 caelum
308 1802 448 1861 undabat
462 1809 571 1861 vertex
585 1801 760 1878 turrimque
775 1802 911 1878 tenebat,

117 1897 240 1971 turrim,
256 1898 424 1975 compactis
440 1898 581 1958 trabibus
596 1917 689 1975 quam
705 1898 855 1958 eduxerat
869 1898 938 1976 ipse

118 1993 363 2071 subdideratque
378 2000 461 2056 rotas
476 1995 643 2072 pontisque
657 1994 848 2054 instraverat
863 1994 953 2056 altos.

122 2205 232 2254 Turnus
244 2205 317 2266 leops
329 2205 405 2267 from
417 2204 460 2254 bis
471 2204 577 2254 charior
589 2205 644 2254 aad
655 2204 749 2255 rustes
761 2210 788 2256 to
801 2205 844 2256 the
856 2206 917 2269 citu,
931 2221 982 2257 111.
996 2207 1120 2258 676-696.

120 2341 127 2372 ‘
136 2336 207 2395 Iam
222 2335 284 2394 iam
298 2336 374 2411 fata,
391 2355 487 2411 soror,
503 2342 668 2412 superant:
692 2336 810 2398 absiste
824 2339 956 2415 morari;

117 2450 179 2508 quo
194 2432 270 2491 deus
286 2437 317 2491 et
332 2451 394 2509 quo
408 2433 486 2492 dura
500 2439 591 2493 vocat
604 2434 754 2509 Fortima,
771 2453 944 2512 sequamur.
1092 2447 1123 2493 20

117 2532 181 2587 stat
195 2528 336 2587 conferre
351 2547 478 2588 manum
492 2528 627 2605 Aeneae,
644 2535 717 2606 stat,
732 2531 887 2608 quidquid
901 2528 1002 2590 acerbi
1016 2535 1074 2608 est,

116 2629 216 2682 morte
231 2624 313 2700 pati3
336 2644 437 2703 neque
452 2643 501 2685 me
516 2625 704 2701 indecorem,
720 2644 875 2702 germana,
891 2625 1012 2688 videbis

116 2718 261 2797 amplius.
304 2721 397 2797 hunc,
412 2741 474 2798 oro,
490 2722 559 2782 sine
573 2742 623 2783 me
637 2724 742 2783 furere
757 2729 830 2783 ante
844 2723 1001 2782 furorem!

116 2816 199 2876 dixit
213 2822 245 2876 et
260 2836 277 2877 e
290 2836 384 2877 curru
398 2818 514 2879 saltum
530 2820 618 2880 dedit
631 2820 717 2880 ocius
732 2821 816 2881 arvis

116 2931 233 2990 perque
248 2915 357 2990 hostis,
373 2933 429 2992 per
442 2916 506 2975 teia
521 2916 585 2976 ruit
600 2922 813 2994 maestamque
828 2934 964 2977 sororem
1093 2930 1122 2978 25
1137 2938 1140 2943 ⁴

154 3095 177 3140 6.
199 3103 276 3153 seges
288 3127 294 3140 .
308 3128 313 3140 .
328 3092 440 3141 ‚horret
454 3093 554 3151 terrea,
567 3095 607 3143 tte
622 3097 681 3143 iron
697 3096 747 3143 line
763 3094 871 3142 briones.
902 3097 924 3141 9.
944 3093 1050 3155 obtutu,
1066 3111 1124 3145 con·

116 3161 274 3219 complutico.
304 3164 339 3208 12.
361 3160 509 3220 discussae,
522 3164 652 3222 dispelled.
681 3167 717 3211 14.
734 3173 809 3221 eque,
821 3164 874 3208 aad
878 3164 961 3220 from.
993 3167 1029 3211 15.
1044 3164 1124 3213 tabu·

114 3229 183 3284 leta,
204 3231 292 3286 floors.
334 3231 370 3276 15.
391 3229 507 3278 dammis
520 3266 526 3277 .
540 3230 688 3280 ..volutus
701 3265 706 3277 .
720 3232 861 3286 ..verim
887 3231 1011 3291 whtrliap
1021 3234 1071 3280 coil
1095 3234 1125 3291 os

114 3299 205 3412 gqtmc.
235 3299 271 3344 18.
292 3296 504 3359 subdideratque
519 3302 604 3357 rotas,
618 3306 667 3358 put
683 3299 724 3346 the
739 3299 829 3346 waceio
844 3299 937 3346 under.
965 3301 1003 3347 21.
1023 3303 1122 3360 stabit

170 3375 219 3410 me.
1046 3374 1062 3418 ,·
1086 3376 1100 3418 ,·
1113 3392 1122 3410 ο
