2484 3876
201 155 241 215 48
543 161 696 213 vunnim
719 163 862 214 snurrs.
1034 160 1194 228 [nooxxn

202 322 287 385 bella
299 321 398 398 vides,
414 330 548 401 quantos
563 325 683 402 primus
698 325 818 402 patiare
832 325 961 386 labores.

203 423 251 483 bis
266 439 379 495 magna
394 420 470 479 victi
485 440 590 498 pugna
604 422 658 481 vix
671 423 748 482 urbe
762 428 886 482 tuemur

203 537 274 598 spes
290 517 397 592 Italas,
414 516 551 577 recalent
565 526 672 578 nostro
686 520 836 579 Tiberina
848 519 967 580 fluenta

127 679 133 692 ,
203 615 354 692 sanguine
369 614 471 674 adhuc
485 615 650 692 campique
664 615 808 691 ingentes
822 616 944 676 ossibus
959 615 1077 677 albent

203 732 265 791 quo
278 712 397 772 referor
411 711 553 772 totiens?
576 730 655 789 quae
670 718 806 771 mentem
820 712 945 772 insania
958 713 1091 773 mutat?
1183 720 1196 771 1

203 809 229 870 si
245 810 351 868 Turno
365 809 520 869 exstincto
535 809 634 869 socios
649 828 719 869 sum
733 809 831 869 ascire
845 814 983 887 paratus,

203 924 258 966 our
272 925 333 964 non
347 905 497 964 incolumi
511 905 615 982 potius
630 905 801 965 certamina
814 906 917 966 tollo?

203 1003 281 1080 quid
295 1001 517 1077 consanguinei
532 1001 654 1076 Rutuli,
670 1002 748 1079 quid
762 1008 866 1062 cetera
878 1002 963 1062 dicet

203 1098 307 1173 Italia,
323 1098 363 1159 ad
378 1103 509 1157 mortem
525 1097 552 1158 si
566 1105 598 1157 te
614 1098 705 1176 (Fors
721 1099 807 1158 dicta
820 1100 938 1158 refutet
948 1101 970 1180 i)

203 1195 404 1274 prodiderim,
419 1201 525 1254 natam
540 1200 573 1254 et
586 1195 719 1256 conubia
732 1201 840 1255 nostra
852 1197 1037 1272 petentem?
1175 1205 1200 1253 11

203 1292 322 1370 respice
337 1310 385 1351 res
401 1291 483 1351 bello
498 1291 618 1367 varias;
640 1292 787 1353 miserere
801 1292 941 1369 parentis

203 1387 356 1464 longaevi,
371 1406 464 1465 quem
479 1407 561 1447 nuuc
576 1395 730 1448 maestum
745 1389 848 1466 patria
861 1389 967 1448 Ardea
980 1387 1074 1465 louge

203 1484 337 1544 dividit'
379 1485 620 1562 haudquaquam
636 1485 728 1546 dictis
744 1485 895 1545 violentia
907 1485 1008 1545 Turni

203 1579 354 1657 flectitur3
378 1588 545 1658 exsuperat
559 1582 658 1656 magis
674 1582 887 1659 aegrescitque
902 1574 1064 1642 medendo.

203 1683 239 1737 ut
252 1677 387 1755 primum
403 1677 465 1736 fari
479 1678 592 1754 potuit,
609 1677 653 1737 sic
668 1678 788 1738 institit
802 1697 869 1737 ore:
1176 1689 1201 1735 11

205 1778 212 1810 ‘
221 1773 319 1844 Quam
335 1792 392 1850 pro
407 1793 456 1832 me
471 1793 578 1833 curam
594 1774 685 1849 geris,
701 1774 781 1833 hanc
797 1793 914 1852 precor,
929 1774 1057 1852 optime,
1072 1792 1130 1853 pro
1143 1792 1191 1834 me

203 1869 340 1947 deponas
356 1870 516 1948 letumque
532 1871 615 1931 sinas
631 1890 686 1948 pro
702 1870 793 1929 laude
807 1871 932 1948 pacisci.

203 1972 235 2026 et
249 1985 305 2027 nos
320 1965 392 2041 tela,
408 1973 505 2044 pater,
522 1968 702 2044 ferrumque
718 1967 802 2026 haud
817 1967 919 2028 debile
933 1967 1046 2027 dextra

203 2061 387 2140 spargimus,
403 2070 435 2122 et
449 2070 555 2123 nostro
571 2064 712 2140 sequitur
727 2064 765 2123 de
780 2064 909 2123 vulnere
925 2064 1061 2140 sanguis.

202 2158 294 2234 longe
308 2159 357 2217 illi
372 2159 431 2218 dea
445 2167 543 2218 mater
559 2160 627 2235 erit,
643 2179 723 2236 quae
737 2161 819 2220 nube
833 2161 978 2237 fugacem
1175 2173 1203 2219 11

202 2254 340 2314 feminea
353 2260 439 2331 tegat
453 2261 485 2315 ct
499 2256 588 2315 ranis
604 2275 671 2316 sese
686 2257 807 2317 occulat
821 2257 959 2317 umbris!

242 2352 287 2411 At
301 2352 416 2427 regina,
433 2370 514 2411 nova
528 2371 650 2429 pugnae
665 2354 835 2413 conterrita
850 2359 941 2431 sorte,

201 2446 295 2507 flebat
310 2453 341 2507 et
355 2448 516 2507 ardentem
531 2467 678 2524 generum
694 2450 845 2509 moritura
858 2450 1001 2509 tenebat:

203 2545 331 2618 ‘Turne
348 2563 403 2622 per
417 2544 474 2605 has
489 2563 545 2620 ego
559 2551 591 2604 te
606 2546 759 2622 lacrimas,
775 2565 830 2624 per
845 2546 872 2606 si
887 2545 956 2623 quis
971 2545 1109 2607 Amatae

201 2641 303 2717 tangit
317 2642 416 2702 honos
431 2642 569 2701 animum
586 2641 670 2719 (spes
685 2649 721 2702 tu
735 2662 818 2702 nunc
833 2661 904 2718 una,
920 2649 1065 2703 senectae
1175 2656 1202 2702 at

200 2743 237 2797 tu
251 2738 373 2815 requies
388 2738 528 2814 miserae,
545 2739 638 2798 decus
653 2739 881 2817 imperiumque
895 2739 1003 2799 Latini

200 2839 232 2894 te
247 2852 350 2912 penes,
366 2835 399 2893 in
414 2841 445 2894 te
460 2835 560 2895 omnis
576 2836 685 2894 domus
700 2836 853 2895 inclinata
867 2836 1033 2916 recumbit)

200 2950 294 2990 unum
312 2951 380 2990 oro:
404 2931 520 2991 desiste
535 2951 661 2991 manum
676 2933 870 2992 committere
884 2933 1020 2992 Teucris.

238 3076 259 3121 3.
274 3072 403 3130 recalent,
411 3088 455 3120 cre
463 3074 516 3120 still
522 3087 611 3120 worm.
638 3076 660 3120 3.
676 3073 894 3129 dumnacum.
920 3078 942 3122 4.
956 3073 1201 3132 albentes-erema.

199 3144 221 3190 7.
243 3141 393 3189 camnine
402 3141 479 3195 tollo.
492 3145 548 3200 quit
565 3143 605 3188 tte
615 3143 691 3200 fiott·
722 3146 744 3188 1.
765 3142 979 3198 remunerarent.
1011 3142 1152 3204 12.10ngo
1167 3141 1203 3190 ‹u-

199 3207 275 3264 nur,
297 3209 370 3267 keeps
396 3211 502 3256 «lictant.
534 3211 570 3255 14.
591 3208 729 3265 medendo,
751 3212 833 3256 credar
857 3215 1002 3257 treatment.
1034 3213 1071 3258 17.
1093 3209 1201 3269 pacisci,

197 3277 300 3336 pnytte
312 3279 384 3334 price
400 3278 435 3334 os.
472 3279 508 3322 18.
530 3275 716 3331 debile‚weok.
748 3280 784 3323 20.
806 3277 1074 3334 deamater,Veuus.
1105 3280 1144 3325 21.
1164 3289 1203 3325 oe·

199 3342 283 3401 calet,
294 3344 373 3392 hides.
404 3346 441 3391 17.
462 3355 553 3402 penes,
565 3346 636 3391 with.
