2484 3876
118 185 158 247 58
458 185 613 236 Ἥρω
635 185 779 236 runnu.
951 187 1115 252 [suurn

120 349 165 410 ‘O
182 368 276 424 soror,
292 355 324 409 et
338 348 457 408 dudum
472 348 595 424 agnovi,
610 367 681 408 cum
696 349 799 426 prima
811 367 868 426 per
882 355 983 410 artem

118 447 245 506 foedera
259 445 394 506 turbasti
409 452 502 523 teque
517 445 593 505 haec
608 445 740 505 inbelle
756 447 880 521 dedisti,

118 551 150 605 et
164 564 246 605 nunc
260 545 450 623 nequiquam
465 542 552 602 fallis
568 543 634 602 dea.
678 544 734 603 sed
748 544 819 620 quis
834 544 972 623 Olympo

118 642 286 703 demissam
300 648 405 702 tantos
419 639 521 699 voluit
535 644 568 698 te
581 640 664 698 ferre
679 639 827 700 labores?

118 757 159 798 an
172 739 281 800 fratris
296 738 402 799 miseri
418 736 516 795 letum
531 742 567 795 ut
582 736 706 796 crudele
721 737 873 798 videres?
1107 750 1120 797 c

117 837 279 914 namquid
293 838 378 912 ago?
398 842 453 895 aut
467 853 546 912 quae
560 833 624 893 iam
639 835 772 913 spondet
785 836 926 895 Fortuna
940 835 1101 897 salutem?

119 932 184 992 vidi
198 934 303 994 oculos
318 940 391 993 ante
406 933 473 1010 ipse
488 950 573 992 meos
588 950 638 991 me
653 950 728 991 voce
744 937 905 992 vocantem

118 1031 311 1105 Murranum,
327 1049 388 1107 quo
402 1049 465 1088 non
481 1034 607 1107 superat
622 1029 702 1087 mihi
716 1029 815 1089 carior
830 1028 918 1105 alter,

118 1132 264 1203 oppetere
280 1127 439 1202 ingentem
457 1132 551 1204 atque
565 1126 687 1202 ingenti
702 1126 831 1185 vulnere
845 1125 974 1185 victum.

118 1223 231 1283 occidit
245 1223 367 1298 infelix,
382 1241 422 1281 ne
436 1228 579 1283 nostrum
594 1223 728 1283 dedecus
743 1223 847 1284 Ufens
1094 1235 1121 1282 10

118 1319 286 1397 aspiceret3
308 1319 420 1379 Teucri
435 1320 599 1396 potiuntur
614 1338 742 1397 corpore
756 1325 789 1379 et
803 1319 907 1380 armis.

117 1416 299 1477 exscindine
313 1417 421 1476 domos
439 1416 486 1494 (id
500 1416 592 1476 rebus
607 1415 711 1475 defuit
725 1419 847 1497 unum),

117 1513 283 1591 perpetiar,
298 1514 411 1572 dextra
424 1531 479 1572 nee
495 1513 628 1572 Drancis
644 1513 729 1572 dicta
743 1512 918 1573 refellam?

117 1617 206 1685 terga
219 1611 299 1671 dabo
314 1616 346 1670 et
360 1613 501 1669 Turnum
515 1609 688 1684 fugientem
703 1609 779 1670 haec
793 1615 877 1670 terra
891 1609 1043 1671 videbit?

117 1725 215 1784 usque
230 1706 347 1766 adeone
361 1707 441 1766 mori
455 1707 602 1767 miserum
617 1708 692 1766 est?
715 1725 770 1767 vos
785 1725 803 1766 o
817 1706 897 1765 mihi
911 1725 1020 1768 manes
1095 1719 1121 1766 15

117 1809 183 1864 este
198 1802 280 1878 boni,
295 1804 442 1881 quoniam
457 1803 578 1880 superis
593 1803 726 1863 adversa
739 1802 893 1863 voluntas.

118 1906 226 1961 sancta
239 1901 280 1960 ad
290 1919 346 1960 vos
361 1901 466 1960 anima
480 1906 574 1976 atque
588 1899 682 1960 istius
697 1899 797 1959 inscia
810 1900 920 1976 culpae

117 1996 312 2072 descendam,
322 2014 504 2072 magnorum
519 1996 604 2056 haud
618 2014 767 2073 umquam
781 1995 929 2072 indignus
944 1997 1094 2057 avorum!

118 2226 143 2277 A
152 2239 301 2288 messenqer
309 2225 368 2275 bido
379 2222 490 2274 Turnus
498 2237 570 2274 come
580 2229 606 2274 to
616 2224 658 2274 the
668 2223 774 2286 deseoce
783 2224 862 2286 estha
872 2225 931 2286 city,
939 2238 989 2273 x11.
998 2223 1120 2275 cto-ew.

156 2367 220 2428 Vix
235 2385 272 2427 ea
285 2367 371 2426 fatus
386 2372 462 2441 erat,
477 2365 597 2425 medios
610 2365 698 2425 volat
712 2383 781 2424 ecce
796 2383 851 2442 per
864 2364 967 2426 hostis

117 2469 225 2524 vectus
241 2482 320 2541 equo
335 2467 500 2540 spumante
515 2462 616 2537 Saces,
632 2462 763 2521 adversa
777 2461 895 2538 sagitta
1093 2476 1122 2522 ao

117 2561 241 2621 saucius
256 2579 318 2635 ora,
333 2560 459 2637 ruitque
473 2559 645 2637 implorans
660 2559 785 2617 nomine
800 2560 957 2618 Turnum:

118 2659 248 2732 ‘Turne
264 2656 297 2715 in
311 2663 343 2717 te
358 2675 504 2734 suprema
518 2655 620 2731 salus;
642 2655 789 2714 miserere
803 2659 937 2714 tuorum.

117 2754 268 2813 fulminat
281 2754 404 2814 Aeneas
419 2754 514 2813 armis
529 2771 727 2829 summasque
741 2751 880 2818 minatur

117 2850 309 2911 deiecturum
324 2869 410 2911 arces
425 2849 544 2909 Italum
559 2848 743 2925 excidioque
758 2847 914 2923 daturum,

116 2947 240 3025 iamque
254 2948 340 3007 faces
354 2948 394 3007 ad
408 2952 492 3006 tecta
505 2946 622 3005 volant.
664 2945 699 3003 in
713 2949 745 3003 te
759 2962 816 3003 ora
827 2943 945 3020 Latini,
1093 2957 1122 3005 ao

116 3043 151 3102 in
164 3049 195 3103 te
210 3044 316 3104 oeulos
329 3044 487 3119 referunt3
509 3047 630 3102 mussat
644 3059 699 3100 rex
710 3040 781 3118 ipse
795 3041 938 3116 Latinus,

154 3239 176 3284 8.
199 3235 367 3292 Humanum,
383 3236 450 3282 elain
464 3236 500 3293 by
516 3234 623 3281 Aeneas.
653 3235 676 3280 9.
697 3235 833 3290 oppetere,
846 3232 944 3290 pensa.
975 3232 1012 3279 10.
1028 3230 1121 3289 Ufens,

117 3306 219 3352 aLatin
230 3305 326 3350 leader.
358 3306 393 3350 12.
414 3301 544 3358 exscindi,
554 3307 578 3348 to
590 3302 618 3348 be
628 3302 768 3359 destroyed.
800 3301 836 3347 13.
857 3297 1007 3358 perpetiar,
1013 3303 1121 3359 permit.

116 3372 154 3417 20.
174 3372 465 3430 spumatafoaminc.
496 3372 533 3417 26.
553 3367 840 3426 mussatwindoubt.
