2484 3876
186 188 226 252 38
525 188 679 238 vnnornr
701 188 847 239 nnnnrs.
1034 188 1185 256 [nooxxr

187 351 289 428 surgit
303 356 335 411 et
349 350 399 411 his
415 357 523 410 onerat
539 351 630 411 dictis
645 356 739 430 atque
754 357 882 428 aggerat
896 351 976 412 iras:

187 448 284 507 ‘Rem
299 446 380 506 nulli
394 448 557 509 obscuram
571 453 696 508 nostrae
711 467 768 508 nec
782 449 867 509 vocis
882 453 1028 524 egentem

186 544 332 618 consulis,
348 563 366 603 o
380 544 460 603 bone
474 563 546 603 rex:
568 546 674 605 cuncti
689 564 722 605 se
736 545 816 605 scire
830 545 981 622 fatentur,

187 641 263 718 quid
278 641 407 700 fortuna
420 640 504 700 ferat
517 642 635 719 populi,
652 643 707 702 sed
722 642 824 701 dicere
838 647 989 702 mussant

187 737 241 797 det
254 737 432 797 libertatem
448 737 537 797 fandi
551 737 708 815 flatusque
722 738 873 812 remittat,

187 834 274 894 cuius
289 834 328 893 ob
342 833 516 910 auspicium
530 834 705 895 infaustum
720 853 882 912 moresque
898 833 1046 896 sinistros

189 930 303 1008 (dicam
316 930 471 1008 equidem,
487 931 562 990 licet
576 950 662 990 arma
675 931 755 989 mihi
769 936 963 1008 mortemque
977 930 1132 1014 minetur)

188 1027 307 1086 lumina
320 1032 369 1086 tot
384 1027 533 1087 cecidisse
548 1027 661 1086 ducum
675 1032 836 1104 totamque
851 1027 994 1088 ridemus

187 1124 365 1184 consedisse
378 1123 487 1182 urbem
502 1123 597 1197 luctu,
613 1123 687 1182 dum
700 1124 795 1183 Troia
808 1129 944 1201 temptat

187 1226 298 1296 castra,
313 1220 407 1295 fugae
421 1219 532 1294 fidens,
549 1225 580 1278 et
594 1220 714 1278 caelum
729 1219 854 1280 territat
868 1220 972 1281 armis.

188 1337 284 1376 unum
300 1317 394 1376 etiam
409 1317 499 1377 donis
514 1316 595 1391 istis,
611 1334 690 1393 quae
704 1316 842 1393 plurima
855 1316 941 1377 mitti

188 1413 380 1473 Dardanidis
395 1413 519 1490 dicique
533 1413 630 1485 iubes,
646 1432 752 1487 unum,
767 1413 886 1490 optime
899 1430 1018 1490 regum,

189 1510 315 1584 adicias,
329 1528 388 1569 neo
401 1515 433 1569 te
448 1508 544 1569 ullius
558 1509 711 1568 violentia
724 1509 840 1585 vincat,

188 1607 265 1683 quin
279 1612 385 1666 natam
399 1607 523 1683 egregio
538 1625 650 1682 genero
665 1606 831 1683 dignisque
845 1605 1032 1685 hymenaeis

188 1703 252 1778 des,
268 1709 367 1780 peter,
382 1708 414 1762 et
428 1721 535 1780 paoem
550 1702 630 1762 hanc
645 1708 772 1762 aeterno
785 1702 912 1763 foedere
925 1703 1042 1765 firmes.

189 1800 273 1878 quod
287 1800 314 1859 si
328 1804 436 1859 tantus
450 1799 546 1858 habet
560 1804 680 1859 mentes
695 1804 727 1858 et
740 1805 868 1876 pectora
881 1805 991 1876 terror,

188 1896 293 1973 ipsum
307 1896 498 1956 obtestemur
513 1896 698 1972 veniamque
713 1913 835 1956 oremus
850 1896 890 1956 ab
903 1895 990 1974 ipso:

189 1993 287 2068 cedat,
302 1993 351 2052 ius
365 1992 526 2069 proprium
541 1992 607 2067 regi
621 1992 805 2069 patriaeque
819 1993 970 2053 remittat.

189 2088 265 2167 quid
279 2089 409 2149 miseros
424 2088 540 2148 totiens
555 2088 589 2146 in
604 2094 714 2166 aperta
726 2089 867 2166 pericula
880 2089 965 2150 cives

188 2185 312 2263 proicis,
327 2204 346 2244 o
359 2185 451 2244 Latio
465 2190 560 2262 caput
572 2184 684 2245 horum
699 2191 731 2245 et
745 2204 840 2246 causa
853 2186 1033 2246 malorum?

188 2281 276 2341 nulla
290 2281 374 2342 salus
389 2281 489 2357 bello;
512 2300 619 2358 paoem
633 2286 666 2341 te
680 2282 838 2359 poscimus
853 2301 969 2358 omnes,

189 2379 302 2453 Turne,
318 2379 412 2439 simul
427 2378 513 2456 pacis
528 2378 629 2437 solum
643 2378 827 2439 inviolabile
841 2379 963 2457 pignus.

189 2474 308 2552 primus
323 2493 388 2551 ego,
403 2475 541 2535 invisum
555 2493 649 2551 quem
662 2480 699 2534 tu
712 2474 773 2536 tibi
786 2475 881 2552 fingis
897 2476 942 2556 (et
956 2494 1025 2538 esse

188 2571 235 2630 nil
250 2573 375 2652 moror),
391 2590 430 2630 en
445 2570 579 2649 supplex
593 2571 692 2630 venio.
735 2572 883 2632 miserere
896 2578 1031 2649 tuorum,

189 2685 268 2746 pone
283 2668 403 2727 animos
418 2673 449 2726 et
463 2668 573 2745 pulsus
589 2667 647 2726 abi.
691 2673 740 2728 sat
753 2669 868 2728 funera
880 2669 946 2731 fusi
1165 2679 1194 2728 25

189 2763 335 2839 vidimus,
350 2763 487 2839 ingentis
502 2769 534 2823 et
548 2763 759 2824 desolavimus
774 2783 872 2840 agros.

189 2866 245 2922 eut
259 2860 286 2921 si
299 2861 386 2920 fama
399 2866 513 2935 movet,
529 2859 556 2921 si
570 2866 694 2921 tanturn
709 2866 833 2938 pectore
848 2863 943 2923 robur

227 3092 249 3139 2.
268 3093 400 3151 egentem,
411 3092 442 3138 in
456 3091 520 3138 need
534 3091 569 3148 os.
599 3093 621 3137 4.
641 3089 1136 3151 diceremusrent,m1utcr,munnur‚
1152 3094 1193 3141 r'c.

189 3172 234 3208 aro
244 3159 329 3206 afraid
339 3164 366 3205 to
377 3159 457 3217 speak
472 3163 525 3205 out.
555 3160 578 3205 ὖ.
599 3157 682 3206 fletus
696 3157 830 3215 remittet,
842 3159 904 3206 curo
920 3161 961 3207 hio
975 3161 1094 3220 donym
1110 3162 1194 3220 spirit.

188 3229 212 3274 6.
231 3225 393 3281 inionem,
408 3227 595 3284 unpropitious.
626 3229 648 3274 7.
667 3224 741 3281 licet,
758 3228 892 3285 ulraooyt.
923 3228 959 3273 18.
981 3227 1070 3286 cedet,
1085 3243 1122 3276 sc.
1134 3231 1197 3275 Trrr·

189 3308 246 3343 nur.
274 3297 311 3341 23.
330 3293 419 3354 fingis,
435 3295 558 3352 emerim.
589 3296 626 3341 23.
647 3293 763 3342 cureuil
780 3305 878 3351 moror,
894 3295 913 3341 I
927 3309 985 3342 cure
1003 3301 1049 3343 not
1066 3298 1094 3355 ts
1109 3297 1129 3343 I
1143 3310 1195 3344 um.

188 3364 227 3409 25.
247 3362 350 3421 pulsus,
363 3363 489 3421 defeated.
