2484 3876
78 188 187 254 40-92.]
354 187 429 236 THE
452 186 569 238 STORY
592 186 638 237 OF
660 187 813 238 TURNUS.
1044 186 1084 247 15

78 351 221 425 classem,
237 368 316 428 quae
330 349 422 410 lateri
437 356 609 411 castrorum
624 351 773 410 adiuncta
786 350 914 425 latebat,

78 447 245 524 aggeribus
261 452 398 525 saeptam
415 446 533 507 circum
547 453 582 506 et
594 446 775 507 fluvialibus
790 446 894 521 undis,

77 543 203 604 invadit
218 544 379 621 sociosque
394 543 540 603 incendia
554 543 656 620 poscit
671 544 793 604 ovantis

78 646 174 718 atque
188 659 315 700 manum
329 640 407 718 pinu
420 640 567 716 flagranti
582 639 724 700 fervidus
738 640 857 718 implet.

76 743 148 798 tum
162 756 236 796 vero
250 737 436 797 incumbunt
453 736 557 816 (urget
571 737 751 814 praesentia
764 737 878 818 Turni)
1068 748 1084 796 t

77 840 175 911 atque
190 833 290 893 omnis
306 833 430 893 facibus
444 834 543 910 pubes
558 832 732 908 accingitur
745 833 830 893 atris.

78 931 238 1009 diripuere
252 931 356 1006 focos3
379 929 503 1007 piceum
517 931 581 989 fert
595 929 719 989 fumida
731 929 838 989 lumen

37 1084 40 1089 ⁴
77 1028 174 1087 taeda
187 1032 220 1087 et
233 1027 435 1087 commixtam
449 1026 606 1088 Volcanus
620 1027 661 1087 ad
675 1032 760 1087 astra
772 1027 925 1087 favillam.

134 1275 188 1325 The
205 1275 304 1338 Trojun
316 1275 389 1338 stips
401 1288 446 1325 ure
459 1275 639 1338 transformed
649 1276 706 1325 tuto
718 1276 852 1337 delphius,
866 1287 903 1323 rra
925 1273 1032 1324 76-120.

119 1422 195 1494 Quis
211 1425 296 1499 deus,
312 1443 330 1484 o
344 1441 459 1498 musae,
475 1429 540 1483 tam
555 1442 649 1484 saeva
662 1423 807 1484 incendia
821 1423 949 1485 Teucris

78 1519 222 1580 avertit?
242 1525 348 1581 tantos
363 1520 482 1580 ratibus
498 1520 568 1597 quis
584 1520 707 1597 depulit
720 1519 828 1595 ignis?
1054 1533 1084 1580 ιο

77 1616 183 1676 dicite.
225 1616 330 1695 prisca
343 1615 421 1676 fides
436 1616 530 1691 facto,
546 1617 602 1676 sed
615 1617 701 1676 fama
715 1617 870 1694 perennis.

76 1719 219 1790 tempore
234 1731 295 1790 quo
309 1713 446 1790 primum
460 1712 601 1791 Phrygia
614 1713 769 1773 formabat
783 1713 818 1772 in
831 1714 891 1773 Ida

78 1810 203 1869 Aeneas
218 1809 349 1869 classem
364 1814 395 1868 et
410 1809 514 1886 pelagi
528 1815 634 1887 petere
649 1809 714 1869 alta
728 1811 866 1888 parabat,

76 1906 149 1984 ipsa
162 1906 255 1965 deum
269 1906 370 1965 fertur
385 1905 526 1981 genetrix
541 1906 729 1984 Berecyntia
742 1926 896 1982 magnum.

78 2002 207 2063 vocibus
222 2002 273 2062 his
287 2003 397 2062 adfata
410 2003 534 2063 Iovem:
558 2003 634 2078 ‘Da
649 2007 731 2077 nate,
746 2003 877 2079 petenti,

77 2099 164 2178 quod
176 2104 233 2159 tua
246 2117 317 2158 cara
331 2117 443 2176 parens
459 2099 578 2158 domito
591 2104 624 2158 te
638 2099 740 2176 poscit
755 2098 899 2179 Olympo.
988 2179 990 2182 Ι

77 2196 173 2275 pinea
187 2196 268 2256 silva
280 2195 368 2269 mihi,
384 2195 499 2256 multos
514 2195 631 2255 dilecta
644 2213 700 2273 per
714 2214 821 2271 annos,

77 2292 167 2353 lucus
182 2292 217 2351 in
231 2310 300 2352 arce
315 2291 379 2350 fuit
394 2310 523 2367 summa,
539 2311 600 2369 quo
615 2311 703 2352 sacra
716 2293 869 2368 ferebant,

78 2388 219 2465 nigranti
233 2388 322 2466 picea
335 2388 539 2467 trabibusque
553 2389 701 2449 obscurus
716 2389 855 2449 acernis:

77 2485 135 2546 has
151 2504 208 2561 ego
222 2485 383 2545 Dardanio
397 2485 513 2561 iuveni,
528 2505 596 2545 cum
613 2485 723 2545 classis
737 2490 852 2561 egeret,
1055 2498 1086 2544 uo

77 2583 163 2643 laeta
176 2582 268 2657 dedi;
290 2601 373 2642 nunc
388 2582 556 2643 sollicitam
570 2581 664 2641 timor
678 2582 790 2642 anxius
805 2582 902 2657 angit.

78 2679 165 2740 solve
180 2684 282 2739 metus
297 2685 391 2757 atque
405 2678 463 2738 hoe
478 2678 621 2756 precibus
637 2679 704 2738 sine
718 2698 809 2756 posse
824 2683 995 2756 parentem,

78 2794 140 2836 neu
154 2794 248 2838 cursu
262 2781 427 2854 quassatae
441 2775 508 2834 ullo
521 2793 583 2834 neu
597 2775 722 2834 turbine
737 2775 825 2835 venti

77 2872 263 2948 vincentum
285 2872 386 2950 prosit
401 2871 518 2932 nostris
533 2871 567 2930 in
582 2872 741 2933 montibus
757 2873 861 2932 ortas!

79 2969 166 3030 filius
180 2969 253 3029 huic
268 2974 385 3043 contra,
401 2974 526 3046 torquet
541 2967 595 3046 qui
610 2968 715 3028 sidera
728 2969 857 3028 mundi:
1056 2983 1085 3030 ao

118 3169 140 3214 2.
162 3168 287 3226 mptum
312 3165 422 3221 cirum,
444 3166 566 3213 enclosed.
598 3167 620 3212 3.
642 3164 761 3221 ovantis,
783 3168 908 3223 exultinq.
941 3169 964 3213 5.
985 3166 1086 3215 incum-

78 3233 223 3292 bunafau
239 3241 272 3282 to.
311 3237 334 3281 6.
356 3232 516 3294 accingitur,
533 3235 557 3280 is
578 3237 667 3281 urmed
687 3236 757 3281 with.
798 3238 819 3282 7.
838 3234 922 3292 locos,
938 3236 1084 3294 ultorufires.

80 3307 116 3350 14.
138 3301 306 3362 Berecyntia,
321 3303 423 3360 Cybele,
436 3304 504 3348 from
519 3302 566 3348 Mt.
578 3303 737 3360 Berecyutus
752 3304 778 3348 in
795 3304 914 3363 Phrygia.
946 3305 982 3350 19.
998 3303 1083 3362 picea,

74 3371 227 3430 pilot-pino.
259 3373 295 3417 19.
316 3368 431 3427 marnis,
444 3371 536 3428 manle.
567 3373 604 3416 20.
625 3369 726 3426 iuveni,
739 3372 846 3418 Aeneas.
