2484 3876
165 156 206 239 52
472 208 475 216 Ι
506 153 659 205 VERGILI
681 153 827 205 AENEIS.
997 157 1095 222 [Boon
1107 156 1168 207 XIL

166 316 313 378 convenit
327 315 469 376 Euandri
482 315 583 377 victos
598 315 758 377 discedere
772 318 812 377 ad
826 317 944 394 urbem,

165 414 255 474 cedet
269 413 359 473 Iulus
373 413 466 488 agris,
481 430 538 472 nec
552 418 625 490 post
639 432 726 474 arma
738 413 805 473 ulla
819 414 951 476 rebelles

166 510 333 570 Aeneadae
347 510 485 568 referent
499 509 623 568 ferrove
635 510 713 570 haec
727 529 824 587 regna
837 510 999 572 lacessent

167 608 217 667 sin
230 612 372 666 nostrum
387 605 532 666 adnuerit
546 606 637 667 nobis
651 606 794 667 Victoria
807 609 943 668 Martem

168 703 217 782 (ut
230 703 335 780 potius
350 721 419 762 reor
432 708 465 762 et
478 701 583 780 potius
598 702 631 762 di
646 703 774 763 munina
788 703 939 786 firment),

166 818 229 859 non
243 816 299 874 ego
313 817 370 859 nec
385 799 513 858 Teucris
528 798 627 859 Italos
642 818 750 876 parere
765 800 877 861 iubebo

166 914 223 955 nec
237 895 316 954 mihi
330 913 428 972 regna
440 900 530 972 peto:
552 895 680 972 paribus
695 915 729 957 se
743 897 864 972 legibus
879 898 989 958 ambae

166 992 302 1052 invictae
316 997 424 1068 gentes
440 996 567 1051 aeterna
580 991 614 1050 in
629 992 758 1052 foedera
771 993 908 1053 mittant.

166 1107 255 1149 sacra
268 1089 405 1165 deosque
419 1088 516 1164 dab03
539 1106 626 1149 socer
640 1074 727 1149 arma
740 1089 873 1151 Latinus
888 1090 1012 1167 habeto,

166 1185 334 1263 imperium
349 1184 499 1245 sollemne
514 1203 618 1260 socer,
642 1184 721 1243 mihi
736 1186 858 1246 moenia
871 1187 986 1248 Teucri
1143 1201 1172 1248 10

167 1281 359 1342 constituent
373 1281 506 1358 urbique
520 1281 608 1342 dabit
622 1281 756 1341 Lavinia
768 1284 901 1342 nomen!

167 1378 212 1439 sic
226 1378 310 1455 prior
325 1378 465 1454 Aeneas3
483 1379 630 1455 sequitur
644 1378 688 1439 sic
704 1379 816 1438 deinde
830 1379 971 1456 Latinus,

168 1474 340 1552 suspiciens
356 1475 486 1550 caelum,
501 1475 665 1552 tenditque
680 1475 720 1535 ad
735 1475 839 1536 sidera
853 1476 1012 1536 dextram:

168 1572 277 1631 ‘Haec
291 1571 416 1630 eadem’
432 1572 548 1646 Aenea,
564 1577 689 1647 terram,
705 1591 799 1648 mare,
816 1572 920 1633 sidera
932 1573 1011 1650 iuro,

167 1669 368 1745 Latonaeque
384 1686 481 1743 genus
495 1668 613 1745 duplex
627 1668 801 1747 Ianumque
816 1669 987 1730 bifrontem
1142 1684 1172 1731 15

166 1764 293 1842 vimque
308 1766 400 1824 deum
415 1764 572 1824 infernam
587 1770 619 1824 et
633 1764 704 1823 duri
719 1766 855 1825 sacraria
868 1766 970 1842 Ditis;

167 1861 275 1921 audiat
287 1861 365 1921 haec
380 1860 511 1936 genitor,
527 1860 581 1938 qui
596 1861 725 1920 foedera
737 1862 871 1921 fulmine
886 1863 995 1923 sancit.

166 1964 261 2033 tango
276 1976 353 2032 aras,
369 1957 488 2017 medios
502 1957 586 2033 ignis
601 1963 634 2016 et
647 1957 778 2018 numina
787 1964 901 2018 testor:

168 2055 254 2114 nulla
268 2055 335 2114 dies
349 2072 457 2131 pacem
471 2054 552 2113 hanc
567 2053 659 2114 Italis
673 2072 730 2113 nec
745 2054 874 2115 foedera
886 2062 1019 2134 rumpet,

166 2170 228 2229 quo
242 2169 292 2211 res
306 2168 439 2228 cumque
453 2151 575 2226 cadent,
590 2169 647 2210 nec
661 2169 711 2209 me
726 2151 774 2211 vis
789 2151 856 2211 ulla
869 2151 1026 2212 volentem
1141 2166 1172 2214 ao

166 2251 295 2321 avertet,
311 2265 383 2321 uon,
399 2247 427 2306 si
441 2247 586 2306 tellurem
601 2247 745 2307 effundat
758 2247 792 2305 in
805 2248 915 2323 undas,

166 2343 286 2402 diluvio
300 2343 445 2418 miscens,
461 2343 643 2419 caelumque
657 2343 692 2401 in
705 2346 839 2404 Tartara
852 2345 968 2421 solrat3

166 2445 202 2499 ut
216 2444 373 2517 sceptrum
387 2440 463 2499 hoc'
480 2439 606 2518 (dextra
619 2445 776 2517 sceptrum
790 2459 863 2500 nam
878 2441 960 2501 forte
974 2443 1117 2525 gerebat)

167 2542 355 2613 ‘numquam
368 2536 480 2596 fronde
494 2536 558 2594 levi
572 2536 687 2595 fundet
700 2536 839 2613 virgulta
852 2556 909 2597 nec
923 2538 1060 2616 umbras,

166 2651 236 2692 cum
252 2633 347 2693 semel
363 2633 397 2691 in
412 2633 502 2693 silvis
517 2633 580 2692 imo
594 2633 633 2692 de
648 2633 747 2710 stirpe
761 2633 895 2694 recisum
1141 2649 1171 2695 25

165 2734 266 2789 matre
280 2734 365 2789 caret
379 2729 547 2806 posuitque
561 2748 664 2789 comas
679 2734 711 2788 et
725 2730 870 2790 bra'cchia
883 2730 985 2808 ferro;

165 2826 241 2885 olim
256 2827 355 2900 arbos,
371 2844 454 2885 nunc
470 2825 600 2886 artificis
615 2845 726 2885 manus
742 2844 812 2885 aere
827 2827 937 2887 decoro

165 2922 295 2982 inclusit
309 2921 515 3000 patribusque
530 2922 618 2981 dedit
633 2926 755 2999 gestare
770 2923 913 2984 Latinis!

165 3019 282 3080 talibus
297 3019 380 3078 inter
395 3037 428 3079 se
442 3018 611 3078 firmabant
625 3019 753 3078 foedera
766 3019 860 3081 dictis

204 3198 240 3242 15.
262 3206 347 3255 genus
372 3194 481 3253 duplex,
503 3195 594 3253 Apollo
619 3196 670 3242 and
695 3196 786 3243 Diana.
815 3198 851 3243 20.
871 3207 923 3255 qno
936 3231 941 3244 .
956 3207 1117 3258 ..eumque
1141 3201 1172 3247 in

165 3265 291 3312 whatever
306 3276 372 3320 way.
402 3265 439 3309 22.
461 3261 573 3320 diluvio,
589 3263 688 3321 deloco.
718 3261 1014 3324 24.virgu1ca‚stoora
1045 3269 1082 3314 25.
1105 3266 1171 3316 reci·

166 3341 235 3388 sum,
246 3331 355 3378 severeri.
387 3333 423 3376 26.
445 3340 544 3388 comas,
556 3331 646 3378 leaves.
