2484 3876
115 200 254 265 socom]
389 199 463 248 nnn
487 198 604 250 saona
627 198 673 249 os
695 199 849 253 suamc.
1079 199 1120 263 31

115 369 147 423 et
161 364 242 423 Iuno
257 361 484 422 adlacrimans:
509 362 617 436 ‘Quia
633 362 669 438 si,
685 381 764 440 quac
778 382 853 424 voce
868 363 1016 441 gravaris,

114 464 219 519 mente
234 460 323 519 dares
339 463 432 535 atque
446 459 523 518 haec
537 460 644 518 Turno
658 465 727 519 rata
739 460 808 519 vita
820 463 987 521 maneret?

115 575 200 615 nunc
213 562 320 615 manet
333 555 489 616 insontem
505 556 609 631 gravis
624 556 737 631 exitus,
754 562 808 616 aut
823 575 879 633 ego
893 557 960 616 veri

114 671 197 713 vana
211 653 303 712 feror.
347 652 431 730 quod
446 657 481 711 ut
495 671 513 712 o
527 653 632 730 potius
647 653 816 713 formidine
830 653 914 714 falsa

114 749 208 809 ludar
222 749 303 809 etin
316 749 429 810 melius
443 754 507 824 tua,
522 749 577 826 qui
591 755 689 827 potes,
706 768 776 809 orsa
788 749 930 812 reflectas
943 751 968 811 1’
1107 764 1123 810 o
1184 744 1188 751 ’

114 972 191 1023 Jcno
204 971 311 1021 deludes
326 967 436 1019 Turnus
447 969 511 1018 with
524 983 541 1025 c
555 969 687 1031 phantom
700 968 807 1020 Aeneae
823 970 879 1021 cod
894 972 996 1021 carries
1013 971 1069 1022 him
1087 971 1124 1032 off

115 1061 142 1105 to
155 1053 254 1113 Ardea,
269 1067 295 1102 x.
316 1052 440 1102 632-687.

115 1177 206 1236 Haec
220 1175 275 1235 ubi
290 1176 375 1235 dicta
389 1175 486 1251 dedit,
501 1175 587 1236 caelo
601 1195 634 1236 sc
649 1175 793 1253 protinus
808 1176 872 1236 alto

114 1272 213 1345 misit,
230 1290 324 1346 agens
339 1271 474 1330 hiemem
489 1271 595 1332 nimbo
610 1272 769 1332 succincta
782 1290 837 1350 per
851 1292 951 1349 auras,

115 1368 310 1445 Iliacamque
325 1367 423 1426 aciem
437 1373 470 1427 et
484 1368 655 1427 Laurentia
668 1374 772 1429 castra
785 1369 906 1447 petivit.

114 1471 185 1524 tum
199 1465 259 1524 (lca
272 1463 354 1523 nube
369 1482 446 1523 cava
459 1469 585 1523 tenuem
601 1465 668 1524 sine
682 1465 803 1527 viribus
818 1466 961 1527 umbram

114 1561 151 1620 in
165 1561 280 1620 faciem
294 1561 418 1620 Aeneae
435 1560 519 1639 (visu
533 1561 677 1622 mirabile
691 1564 879 1644 monstrum)
1094 1575 1123 1623 10

114 1657 286 1718 Dardaniis
301 1663 392 1717 ornat
406 1657 479 1718 telis
494 1657 691 1736 clipeumque
706 1659 858 1736 iubasque

115 1754 219 1815 divini
233 1754 403 1815 adsimulat
416 1754 539 1832 capitis,
555 1755 611 1814 dat
624 1755 731 1815 inania
744 1756 848 1830 verba,

115 1852 172 1912 dat
188 1852 255 1912 sinc
269 1856 374 1910 mente
389 1870 499 1911 sonum
514 1869 699 1928 gressusque
714 1850 834 1927 effingit
848 1852 962 1930 euntis,

115 1954 217 2008 morte
232 1949 318 2008 obita
332 1948 434 2025 qualis
449 1948 536 2028 fama
549 1953 598 2008 est
612 1947 746 2025 volitare
757 1947 874 2024 figuras

116 2051 172 2106 aut
186 2063 266 2123 quae
281 2045 398 2122 sopitos
414 2044 567 2104 deludunt
582 2044 701 2104 somnia
715 2063 833 2105 sensus.

116 2148 150 2203 at
165 2143 282 2219 primas
297 2141 381 2201 laeta
395 2146 467 2201 ante
481 2141 563 2200 acies
579 2140 716 2201 exsultat
729 2141 832 2215 imago

114 2239 291 2316 inritatque
304 2238 407 2297 virum
422 2237 495 2298 telis
510 2242 541 2296 et
555 2255 630 2296 voce
645 2236 780 2297 lacessit.

115 2336 216 2396 instat
230 2335 280 2395 cui
295 2336 419 2394 Turnus
434 2334 681 2411 stridentemque
696 2333 818 2394 eminus
832 2333 957 2395 hastam

115 2432 249 2508 conicit;
272 2432 329 2491 illa
343 2432 415 2491 dato
429 2431 526 2490 vertit
540 2430 675 2506 vestigia
688 2435 784 2507 tergo.

116 2534 185 2589 tum
199 2547 273 2588 vero
287 2529 418 2587 Aenean
432 2546 575 2587 aversum
588 2532 624 2586 ut
638 2528 746 2586 cedere
761 2529 886 2589 Turnus
1093 2543 1124 2589 20

116 2625 252 2685 credidit
266 2630 359 2701 atque
374 2624 478 2683 animo
493 2642 579 2700 spem
594 2623 738 2684 turbidus
752 2624 859 2685 hausit
871 2625 1007 2702 inanem,

117 2722 203 2792 ‘Quo
217 2721 312 2796 fugis,
327 2720 462 2780 Aenea?
483 2719 638 2779 thalamos
653 2738 692 2778 ne
707 2721 814 2781 desere
828 2727 952 2798 pactos3

116 2817 176 2877 hac
191 2817 316 2877 dabitur
330 2816 442 2876 dextra
454 2817 549 2876 tellus
565 2816 708 2894 quaesita
721 2836 777 2894 per
791 2818 912 2878 undas.²

116 2914 195 2975 talia
208 2914 385 2974 vociferans
400 2913 543 2991 sequitur
557 2913 763 2991 strictumque
778 2919 922 2975 coruscat

156 3110 178 3154 1.
200 3105 335 3167 gravaris,
359 3111 476 3164 orontest
500 3106 562 3153 with
587 3105 741 3154 reluctancc.
771 3107 794 3152 2.
815 3108 887 3162 rata,
913 3120 1009 3156 secare.
1039 3109 1062 3155 3.
1083 3106 1123 3156 in-

116 3176 231 3230 tentam,
257 3177 387 3221 innocent.
423 3176 445 3221 5.
463 3171 554 3230 ludar,
581 3175 694 3221 mooted.
729 3176 752 3220 5.
775 3185 846 3230 orca,
869 3175 956 3232 plano.
986 3178 1009 3224 7.
1030 3175 1121 3225 nimbo

116 3242 263 3299 nuccincta,
280 3243 338 3290 clod
358 3245 387 3289 in
408 3256 424 3287 o
446 3242 528 3288 cloud.
560 3245 596 3288 14.
618 3240 701 3298 obita,
720 3247 779 3288 met.
811 3244 847 3289 15.
868 3241 980 3301 sopitos,
999 3244 1119 3302 cleopinq.

117 3314 153 3358 17.
177 3309 298 3366 lacessit,
325 3311 476 3368 challeoqeo.
518 3312 554 3357 18.
580 3308 693 3366 eminus,
713 3312 787 3367 from
812 3311 881 3368 afar.
922 3313 959 3358 21.
984 3310 1119 3370 turbidus,

116 3379 213 3437 wildly.
