2484 3876
73 201 214 268 cac-na]
349 201 423 249 THn
448 199 564 250 STORY
588 200 634 250 OF
656 200 809 251 TURNUS.
1042 201 1082 261 23

73 364 268 440 immisitque
284 366 402 438 Fugam
416 361 545 422 Teucris
560 368 725 441 atrumque
740 363 906 423 Timorem.

72 461 213 538 undique
228 459 427 534 conveniunt,
443 459 591 536 quoniam
606 460 680 519 data
694 460 784 537 copia
797 478 930 538 pugnae,

72 558 269 634 bellatorque
283 556 387 615 animo
403 556 479 615 deus
494 556 614 615 incidit.

71 654 248 728 Pandarus
262 658 299 712 ut
313 653 385 712 fuso
401 670 582 727 germanum
596 671 724 730 corpore
739 652 849 728 cernit,

71 757 105 811 et
120 769 182 829 quo
197 750 240 810 sit
254 749 383 809 fortuna
397 748 473 823 loco,
489 748 543 826 qui
558 768 647 809 casus
662 755 735 825 agat
749 768 808 825 res,

71 852 196 926 portam
211 845 244 904 vi
258 864 372 922 magna
386 864 535 908 converso
549 846 676 905 cardine
690 851 825 924 torquet,

71 943 207 1003 obnixus
221 941 296 1002 latis
310 942 436 1017 umeris,
452 942 630 1019 multosque
645 961 771 1001 suorum

71 1039 236 1100 moenibus
252 1039 394 1099 exclusos
409 1038 487 1097 duro
501 1038 536 1096 in
549 1039 719 1099 certamine
733 1039 860 1117 linquit,

71 1142 124 1196 ast
138 1135 216 1196 alios
232 1154 337 1196 secum
352 1135 487 1195 includit
501 1134 676 1213 recipitque
690 1136 820 1211 ruentis,

71 1233 212 1307 demens,
228 1232 282 1309 qui
297 1231 452 1291 Rutulum
466 1231 501 1290 in
514 1231 616 1290 medio
631 1250 695 1290 non
709 1233 832 1308 agmine
847 1251 952 1309 regem

69 1328 190 1388 viderit
203 1328 435 1405 inrumpentem
449 1327 595 1405 ultroque
610 1328 774 1388 incluserit
788 1329 858 1389 urbi

69 1426 243 1485 immanem
257 1424 357 1484 veluti
367 1442 479 1501 pecora
492 1424 575 1483 inter
589 1424 704 1484 inertia
717 1425 833 1501 tigrim.

70 1521 223 1583 continuo
237 1539 319 1580 nora
332 1521 388 1580 lux
402 1521 501 1580 oculis
516 1521 636 1581 effulsit
650 1527 682 1580 et
696 1541 783 1581 arma

69 1618 263 1679 horrendum
279 1635 426 1693 sonuere;
448 1620 588 1676 tremunt
602 1618 636 1675 in
650 1619 767 1678 vertice
781 1619 896 1680 cristae

71 1714 262 1790 sanguineae
277 1714 439 1791 clipeoque
454 1713 605 1773 micantia
619 1714 755 1774 fulmina
768 1715 877 1775 mittit.

70 1816 246 1889 agnoscunt
260 1811 373 1870 faciem
388 1810 524 1870 invisam
538 1816 632 1887 atque
647 1811 797 1872 immania
810 1813 950 1874 membra

69 1907 191 1969 turbati
206 1907 310 1968 subito
324 1907 498 1967 Aeneadae.
541 1912 609 1966 tum
624 1908 787 1968 Pandarus
807 1909 918 1984 ingens

69 2005 186 2066 emicat
199 2009 232 2064 et
245 2004 355 2064 mortis
370 1992 527 2064 fraternae
543 2004 685 2063 fervidus
700 2004 748 2064 ira

69 2101 187 2162 effatur
209 2107 217 2137 ‘
225 2101 299 2160 Non
313 2100 390 2160 haec
405 2100 519 2160 dotalis
534 2100 620 2176 regia
634 2100 776 2177 Amatae,

68 2216 127 2258 nec
143 2197 242 2258 muris
257 2197 383 2257 cohibet
397 2196 508 2274 patriis
523 2197 628 2255 media
641 2197 747 2256 Ardea
760 2200 918 2260 Turnum:

69 2300 174 2355 castra
187 2294 316 2353 inimica
328 2293 434 2369 vides;
457 2292 546 2351 nulla
559 2292 633 2352 hinc
648 2287 733 2353 exire
747 2296 906 2372 potestas)

68 2391 127 2450 olli
142 2390 305 2451 subridens
321 2390 429 2449 sedato
442 2394 566 2466 pectore
580 2391 706 2450 Turnus

70 2487 206 2564 ‘Incipe
223 2486 250 2547 si
265 2505 328 2563 qua
341 2486 444 2544 animo
458 2485 569 2561 virtus,
586 2491 617 2545 et
631 2505 758 2547 consere
778 2488 936 2548 dextram:

68 2583 122 2643 hic
136 2583 232 2643 etiam
246 2583 410 2642 inventum
425 2582 552 2641 Priamo
565 2582 708 2642 narrabis
722 2582 901 2643 Achillem!

68 2679 201 2751 dixerat.
243 2679 300 2737 ille
314 2678 422 2738 rudem
438 2679 528 2738 nodis
543 2684 575 2737 et
589 2679 703 2738 cortice
718 2680 813 2739 crudo

67 2775 230 2853 intorquet
245 2774 374 2835 summis
390 2775 523 2834 adnixus
538 2774 658 2835 viribus
672 2776 813 2835 hastam:

67 2890 218 2949 excepero
233 2890 326 2930 aurae
334 2894 341 2946 ;
363 2871 478 2931 vulnus
494 2871 642 2931 Saturnia
656 2872 736 2932 Iuno

68 2969 203 3030 detorsit
216 2967 347 3027 veniens
362 2973 530 3045 portaeque
545 2967 689 3043 infigitur
702 2968 801 3029 hasta.

107 3181 129 3225 5.
146 3176 274 3238 quitow.
305 3178 327 3224 6.
344 3176 556 3234 cardinatiope.
588 3179 623 3223 15.
640 3176 735 3235 mittit,
745 3179 926 3228 sePandarus.
958 3184 994 3230 18.
1010 3181 1073 3230 ami-

66 3249 122 3304 cat,
144 3247 214 3304 leupo
228 3247 354 3303 soricurd.
385 3243 524 3303 laragia,
542 3245 642 3302 palaea
671 3247 707 3290 23.
729 3256 839 3293 consere
859 3246 993 3306 dextram,
1012 3253 1073 3307 joiri

66 3314 155 3361 battle.
186 3316 222 3360 25.
242 3311 337 3359 rudem
362 3311 447 3367 nodia,
466 3313 549 3370 roupb
569 3314 631 3358 with
657 3312 740 3360 lcaots.
798 3317 834 3360 25.
856 3315 956 3366 cortica
980 3318 1071 3373 crudo,

65 3383 150 3440 roupi
162 3381 234 3428 bork.
265 3383 302 3426 28.
324 3378 448 3435 detorsit,
461 3382 554 3426 turned
564 3382 643 3427 acide.
