2484 3876
118 159 158 219 14
458 158 613 210 vrrcmr
634 159 777 212 eruam.
966 163 1121 228 [eooxm

118 321 251 397 Aeneas,
267 321 294 382 si
309 340 372 400 qua
384 321 506 382 interca
519 322 650 382 fortuna
663 322 787 399 fuisset,

118 437 179 477 neu
193 424 313 478 struere
328 418 480 478 auderent
493 419 592 478 aciem
606 437 667 479 neu
681 420 806 480 credere
820 437 948 499 camp03
1054 418 1059 424 ’

118 521 220 575 eastra
232 515 325 574 modo
339 520 371 574 et
384 521 470 576 tutos
486 521 648 576 servarent
662 534 773 592 aggere
787 536 901 578 muros.

118 630 191 687 ergo
202 612 262 672 etsi
276 612 418 671 conferre
433 631 560 672 manum
574 613 674 690 pudor
688 613 798 691 iraque
811 619 977 690 monstrat,

118 708 257 768 obiciunt
271 714 378 786 portas
392 714 498 767 tamen
512 714 544 768 et
559 714 725 786 praecepta
737 710 899 770 facessunt
1111 726 1126 773 e

118 806 291 882 armatique
306 805 392 865 cavis
407 810 591 882 exspectant
603 805 744 865 turribus
758 805 889 866 hostem.

118 902 251 975 Turnus,
266 907 303 960 ut
317 906 391 960 ante
405 901 516 961 volans
529 903 654 961 tardum
667 908 879 980 praecesserat
892 922 1016 982 agmen,

116 997 232 1072 viginti
245 996 336 1057 lectis
351 997 493 1074 equitum
507 998 683 1072 comitatus,
699 1004 731 1058 et
744 998 815 1059 urbi

117 1093 306 1171 improvisus
320 1094 425 1153 adest:
448 1094 579 1154 maculis
594 1113 686 1172 quem
700 1094 853 1157 Thracius
867 1096 947 1158 albis

116 1197 222 1268 portat
235 1209 333 1268 equus
348 1190 505 1269 cristaque
519 1191 600 1267 tegit
614 1191 703 1268 galea
717 1211 811 1252 aurea
824 1195 927 1254 rubra
1098 1209 1126 1256 10

118 1287 251 1364 ‘Ecquis
268 1287 337 1361 erit,
352 1306 482 1361 meeum,
498 1287 636 1363 iuvenes,
651 1288 707 1365 qui
721 1290 842 1366 primus
856 1290 890 1348 in
904 1291 1056 1352 hostem?

117 1385 173 1443 en'
188 1384 234 1442 ait
248 1388 280 1442 et
294 1383 431 1443 iaculum
446 1388 629 1461 attorquens
644 1386 762 1445 emittit
776 1385 811 1445 in
826 1405 926 1461 auras,

117 1480 305 1557 principium
320 1498 452 1557 pugnae,
465 1485 497 1539 et
511 1499 621 1558 eampo
635 1500 703 1541 sese
717 1482 833 1542 arduus
848 1483 954 1542 infert.

117 1577 250 1636 clamore
265 1577 426 1654 excipiunt
441 1577 518 1636 sccii
533 1577 724 1655 fremituque
740 1585 915 1657 sequuntur

116 1673 296 1749 horrison03
318 1674 472 1733 Teucrum
487 1673 642 1733 mirantur
656 1675 771 1735 inertia
784 1676 886 1751 eorda,
1096 1691 1124 1738 15

117 1790 179 1838 non
194 1789 293 1848 aequo
307 1771 381 1829 dare
396 1788 429 1830 se
443 1788 561 1847 campo,
577 1789 640 1829 non
654 1770 747 1830 obvia
761 1772 846 1831 ferre
998 1767 1002 1775 ’

116 1887 203 1928 arma
215 1867 309 1942 viros,
325 1867 381 1926 sed
394 1872 498 1926 castra
512 1867 626 1926 fovere.
670 1868 731 1927 huc
745 1868 890 1929 turbidus
905 1876 1000 1947 atque
1013 1869 1077 1931 huc

116 1965 231 2024 lustrat
245 1983 325 2041 equo
339 1982 443 2024 muros
459 1963 640 2041 aditumque
656 1983 711 2042 per
726 1964 797 2024 avia
811 1966 942 2042 quaerit.

117 2080 152 2120 ac
166 2061 267 2119 veluti
280 2061 374 2137 pleno
388 2059 482 2137 lupus
496 2059 664 2120 insidiatus
680 2060 756 2119 ovili

116 2176 186 2217 eum
201 2157 309 2216 fremit
324 2157 619 2231 adeaulas,ve11‚t0s
635 2175 801 2235 perpessus
817 2163 849 2218 et
862 2159 988 2237 imbres,
1090 2175 1123 2222 ac

116 2259 206 2313 noete
222 2273 314 2330 super
328 2254 448 2329 media3
471 2253 535 2313 tuti
551 2254 608 2313 sub
622 2255 775 2314 matribus
790 2255 863 2331 agni

116 2349 256 2409 balatum
270 2355 432 2424 exercent3
455 2350 509 2409 ille
524 2368 615 2427 asper
630 2356 661 2410 et
675 2351 835 2428 improbus
850 2351 898 2413 ira

117 2446 217 2507 saevit
231 2446 265 2504 in
280 2446 435 2522 absentis,
458 2446 590 2506 collecta
603 2446 718 2523 fatigat
733 2448 847 2508 edendi

116 2561 155 2602 ex
169 2543 263 2618 longo
276 2543 379 2603 rabies
394 2548 427 2602 et
441 2543 540 2603 siccae
556 2543 707 2619 sanguine
722 2545 847 2606 fauces:

115 2639 200 2699 haud
215 2639 306 2699 aliter
320 2640 441 2699 Rutulo
455 2659 559 2701 muros
575 2644 607 2699 et
621 2646 724 2701 castra
737 2642 841 2701 tuenti

116 2735 281 2811 ignescunt
294 2736 368 2811 irae,
384 2736 471 2796 duris
486 2737 574 2797 dolor
589 2736 711 2798 ossibus
727 2739 823 2798 ardet.

116 2852 178 2910 qua
191 2838 324 2910 temptet
339 2832 460 2893 ratione
474 2833 579 2893 aditus
594 2837 626 2893 et
640 2853 720 2911 quae
734 2835 787 2895 via
800 2835 922 2896 clausos

116 2929 255 2989 excutiat
268 2930 405 2989 Teucros
419 2929 503 2989 vallo
518 2935 612 3007 atque
627 2930 769 2990 effundat
783 2931 818 2990 in
832 2950 964 3010 aequum
978 2935 995 2992 ?

153 3135 175 3179 9.
197 3131 320 3190 maculis,
341 3139 416 3192 spots.
452 3135 488 3180 10.
508 3132 603 3190 rubra,
625 3136 677 3182 red.
713 3137 749 3181 13.
771 3134 882 3195 arduus,
900 3150 934 3184 on
959 3138 1118 3189 torsetack.

115 3202 151 3247 18.
172 3199 284 3256 lustrat,
295 3215 408 3259 surceye.
440 3204 476 3248 19.
497 3200 653 3259 insidiatus,
666 3203 778 3261 letania
789 3206 859 3251 weit.
891 3208 927 3251 19.
949 3204 1025 3261 ovili,
1034 3209 1121 3266 sheep-

111 3269 176 3329 sold.
207 3271 244 3314 20.
261 3267 364 3325 caulae,
370 3283 430 3327 pen.
461 3271 498 3315 20.
514 3273 816 3330 perpessuraendurinp.
846 3275 883 3318 22.
899 3270 1121 3331 balatumbleat-

114 3339 168 3395 inp.
199 3335 488 3392 25.Rutu10,Turnus.
519 3340 556 3384 28.
577 3336 969 3398 inaequum,uponthepluin.
