2484 3876
130 119 171 178 20
475 118 629 169 vanem
647 119 794 170 sunnis
980 117 1122 185 [nomm
1217 113 1225 133 ’

132 281 297 360 procubuit
310 279 415 342 subito
428 288 461 341 et
474 281 595 342 caelum
609 287 700 341 tonat
713 300 806 342 omne
819 282 958 359 fragore.
1039 340 1043 349 ,

132 378 303 439 semineces
317 378 358 438 ad
371 384 497 454 terram,
511 379 642 438 immani
656 379 739 439 mole
753 386 871 454 secuta,

133 474 308 552 confixique
322 475 389 535 suis
402 475 475 535 telis
489 482 523 535 et
535 484 663 553 pectora
676 476 756 536 duro

133 572 299 632 transfossi
314 571 400 647 ligno
414 572 554 631 veniunt
597 573 653 632 vix
665 592 748 634 unus
760 572 905 633 Helenor

133 676 167 729 et
180 670 284 747 Lycus
297 668 414 746 elapsi:
436 688 569 746 quorum
583 669 762 747 primaevus
776 669 931 746 Helenor,
1120 678 1133 726 t

134 765 279 826 Maeonio
292 766 358 841 regi
371 784 465 842 quem
478 785 570 825 serva
583 766 751 844 Licymnia
761 766 876 825 furtim

134 862 305 923 sustulerat
318 863 488 940 vetitisque
503 863 544 921 ad
556 863 683 922 Troiam
696 863 828 922 miserat
840 861 951 939 armis,

134 978 208 1020 ense
222 959 302 1019 lovis
316 959 400 1018 nudo
414 978 585 1036 parmaque
598 959 753 1034 inglorius
766 959 847 1019 alba

134 1056 224 1134 isque
237 1056 292 1116 ubi
306 1074 339 1116 se
353 1056 453 1115 Turni
466 1056 572 1115 media
584 1055 667 1115 iuter
680 1055 771 1115 milia
782 1055 876 1130 vidit,

135 1153 210 1214 hino
224 1154 306 1213 acies
320 1160 414 1231 atque
427 1153 502 1212 hino
515 1152 599 1212 acies
612 1160 715 1212 astare
728 1152 871 1226 Latinas
1113 1162 1139 1210 ιο

135 1257 174 1310 ut
185 1252 263 1324 fera,
278 1269 357 1328 quae
371 1250 470 1309 densa
483 1256 655 1308 venantum
668 1255 780 1326 saepta
791 1267 908 1308 corona

136 1354 246 1407 contra
258 1347 322 1407 tela
335 1347 416 1406 furit
429 1364 558 1423 seseque
571 1345 657 1404 haud
670 1345 777 1405 nescia
789 1345 885 1404 morti

135 1445 228 1505 inicit
241 1450 274 1504 et
287 1443 371 1503 saltu
385 1462 481 1520 supra
493 1441 649 1501 venabula
661 1442 773 1516 fertur,

137 1542 222 1601 haud
235 1541 328 1600 aliter
340 1540 463 1600 iuvenis
478 1539 598 1598 medios
610 1539 782 1599 moriturus
795 1538 831 1598 in
842 1537 947 1599 hostis

137 1638 236 1697 inruit
249 1644 282 1697 et
295 1655 358 1715 qua
370 1636 436 1696 tela
448 1636 537 1695 ridet
551 1636 740 1696 densissima
751 1635 864 1695 tendit

138 1741 172 1795 at
185 1735 316 1812 pedibus
330 1734 421 1809 longe
435 1733 546 1792 melior
560 1733 665 1810 Lycus
679 1732 764 1791 inter
777 1738 810 1791 et
823 1731 926 1792 hostis

138 1832 222 1891 inter
234 1837 267 1890 et
280 1850 367 1890 arma
379 1831 457 1906 fuga
469 1848 574 1890 muros
588 1835 677 1888 tenet
689 1829 817 1906 altaque
830 1834 932 1888 certat

140 1928 291 2006 prendere
304 1933 389 1986 tecta
401 1946 496 1985 manu
511 1926 691 2002 sociumque
705 1925 862 2002 attingere
875 1926 1013 1986 dextras

13 2046 18 2056 ’
139 2044 232 2103 quem
246 2025 370 2083 Turnus
384 2023 503 2101 pariter
516 2041 610 2082 cursu
624 2022 749 2100 teloque
763 2028 890 2082 secutus

139 2123 281 2198 increpat
293 2119 343 2178 his
357 2119 473 2179 victor:
496 2119 687 2178 ‘Nostrasno
701 2118 842 2192 evadere,
857 2118 997 2193 demens,
1115 2129 1144 2176 tt

139 2217 275 2296 sperasti
288 2222 320 2276 te
334 2235 424 2294 posse
437 2235 548 2275 manus
559 2217 593 2275 ?’
615 2213 710 2275 simul
724 2214 838 2291 arripit
850 2214 955 2292 ipsum

139 2315 328 2394 pendentem
341 2319 374 2372 et
387 2331 499 2388 magna
512 2312 595 2371 muri
608 2331 678 2371 cum
693 2317 784 2388 parte
797 2311 941 2371 revellit:

140 2411 242 2489 qualis
256 2409 310 2470 nbi
324 2415 380 2469 aut
393 2409 530 2487 leporem
543 2414 599 2468 aut
612 2407 760 2467 candenti
774 2425 903 2485 corpore
915 2426 1053 2486 cycnum
1126 2426 1129 2430 ·

141 2507 270 2569 sustulit
283 2507 349 2566 alta
361 2511 471 2584 petens
486 2505 619 2583 pedibus
634 2504 721 2565 Iovis
735 2504 870 2580 armiger
883 2504 983 2579 uncis,

141 2605 317 2683 quaesitum
331 2609 387 2663 aut
400 2603 494 2662 matri
508 2602 617 2662 multis
630 2601 788 2662 balatibus
802 2619 917 2677 agnum
1117 2611 1146 2659 tt

140 2702 276 2762 Martius
290 2720 310 2760 a
323 2699 456 2760 stabulis
470 2700 576 2776 rapuit
589 2699 691 2776 lupus.
734 2697 875 2775 undique
888 2696 1007 2757 clamor

140 2799 281 2859 tollitur:
302 2797 458 2855 invadunt
471 2802 504 2855 ot
517 2796 619 2855 fossas
633 2813 746 2872 aggere
760 2793 937 2872 complent3

141 2895 281 2957 ardentis
294 2894 404 2954 taedas
418 2892 474 2952 alii
488 2892 529 2952 ad
541 2891 673 2968 fastigia
686 2892 813 2952 iactant

180 3108 203 3154 2.
221 3104 378 3160 ammons,
389 3102 531 3160 holsdeod.
561 3104 584 3148 4.
599 3099 756 3157 morsi,
768 3101 916 3159 transfiaeed.
946 3101 984 3147 13.
1000 3097 1148 3156 vmbria,

142 3176 360 3232 tumim-speum.
389 3169 668 3228 23.10porsm‚tom.
698 3170 736 3215 23.
756 3179 878 3227 vonum,
898 3181 980 3215 swan.
1015 3169 1054 3214 24.
1074 3165 1150 3215 Iovis

142 3240 270 3368 nminat,
289 3242 330 3287 the
350 3238 537 3286 ormor—beorer
555 3237 585 3294 os
601 3237 714 3294 Jupiter,
732 3237 773 3282 ie.
792 3238 836 3282 tho
856 3235 936 3294 engle.
966 3236 1005 3281 28.
1026 3231 1148 3294 inficit.

143 3324 187 3358 ruo
201 3344 208 3356 .
