2484 3876
55 188 202 254 442-48u]
337 186 412 236 THE
436 185 554 236 STORY
577 185 622 236 OF
646 186 799 238 TURNUS.

56 358 177 411 etcum
193 350 293 408 fratre
308 349 413 423 Coras,
428 348 502 408 latis
517 348 686 408 diffundite
700 349 827 427 campis.

56 466 133 526 pars
148 446 255 505 aditus
270 445 357 505 urbis
371 444 476 503 firmet
490 445 648 522 turrisque
663 451 822 523 capessat;

56 549 172 617 cetera,
189 559 252 620 qua
265 541 497 615 iuss0,·mecum
511 559 622 601 manus
637 541 755 602 inferat
768 543 875 604 arma'

55 797 113 848 The
132 798 265 858 assembly
276 798 301 846 is
318 797 450 846 dissolced
466 797 521 846 aad
537 795 655 847 Larinas
672 798 829 860 reproaches
841 799 1009 862 himselssor
1026 800 1069 852 1111

55 882 191 931 inactioa.
231 879 283 929 The
307 893 392 941 queen
409 878 464 928 aad
481 879 600 929 Lavinia
616 894 650 942 qo
670 886 696 931 tc
715 881 758 931 che
779 882 872 944 temple
889 887 916 934 tc
929 895 1009 946 praa,
1025 896 1066 933 11.

38 1001 41 1006 .
55 961 185 1012 468-485.

57 1122 155 1181 Ilicet
169 1120 204 1179 in
218 1139 323 1180 murcs
338 1125 406 1179 tota
420 1119 607 1179 discurritur
621 1121 706 1180 urbe.
738 1108 741 1113 ‚

56 1217 230 1278 concilium
245 1217 312 1293 ipse
327 1221 417 1292 pater
431 1221 463 1275 et
476 1235 591 1291 magna
604 1216 731 1293 incepta
744 1217 878 1279 Latinus

57 1313 179 1374 deserit
193 1332 229 1372 ac
243 1312 329 1373 tristi
344 1311 489 1371 turbatus
504 1318 644 1390 tempore
659 1314 766 1373 differt

56 1410 224 1487 multaque
240 1428 272 1469 se
287 1409 420 1483 incusat,
436 1408 491 1484 qui
505 1427 568 1468 non
582 1410 738 1486 acceperit
752 1410 836 1471 ultro

56 1506 258 1567 Dardanium
272 1505 403 1564 Aenean
417 1523 626 1582 generumque
641 1505 787 1566 asciverit
801 1507 879 1568 urbi

56 1601 265 1683 praefodiunt
279 1601 335 1661 alii
349 1606 455 1678 portas
471 1607 525 1661 aut
540 1619 616 1661 saxa
632 1603 787 1680 sudesque

57 1701 257 1762 subvectant.
300 1697 384 1757 bello
399 1698 454 1757 dat
469 1698 594 1774 signum
608 1717 701 1758 rauca
714 1705 878 1759 cruentum

57 1796 182 1858 bucina.
224 1800 292 1854 tum
308 1813 412 1853 muros
427 1793 516 1853 varia
529 1794 654 1853 cinxere
668 1813 781 1855 corona

57 1897 223 1953 matronae
237 1891 406 1968 puerique;
428 1896 520 1950 vocat
534 1890 622 1950 labor
635 1891 766 1952 ultimus
782 1893 892 1954 omnis.

56 2008 117 2049 nec
132 2007 196 2048 non
210 1987 251 2047 ad
265 1987 418 2064 templum
434 2005 632 2064 summasque
647 1987 687 2046 ad
700 1987 842 2048 Palladis
857 2007 943 2052 arces

58 2084 247 2146 subvehitur
261 2102 376 2159 magna
389 2089 525 2143 matrum
539 2083 647 2158 regina
660 2088 793 2160 caterva,

57 2184 144 2243 dona
157 2182 273 2255 ferens,
288 2179 439 2257 iuxtaque
454 2198 555 2239 comes
570 2179 705 2240 Lavinia
718 2180 817 2257 virga,

56 2297 156 2340 causa
169 2277 245 2337 mali
259 2276 351 2351 tanti,
367 2276 472 2336 oculos
487 2276 607 2336 deiecta
621 2276 754 2337 decoros.

57 2375 233 2437 succedunt
247 2378 363 2432 matres
378 2378 410 2432 et
423 2372 577 2449 templum
590 2377 660 2432 ture
674 2378 829 2451 vaporant

56 2479 92 2532 et
107 2476 243 2531 maestas
259 2470 324 2529 alto
338 2469 478 2528 fundunt
492 2468 530 2527 de
545 2468 654 2543 limine
668 2489 776 2531 voces:

58 2567 293 2644 ί111111111011111,
309 2584 435 2643 praeses
449 2565 534 2639 belli,
551 2565 695 2626 Tritonia
707 2567 805 2644 virgo,

56 2666 172 2739 frange
187 2682 283 2722 manu
296 2662 395 2722 telum
409 2661 542 2740 Phrygii
557 2662 723 2738 praedonis
738 2671 770 2723 et
784 2664 889 2742 ipsum
1039 2680 1070 2726 rc

56 2778 195 2840 pronum
210 2764 315 2819 sterne
330 2758 396 2818 solo
411 2758 572 2835 portisque
587 2758 713 2818 effunde
728 2760 786 2820 sub
801 2760 894 2821 altis!

100 2977 123 3022 2.
145 2972 281 3030 capessat,
307 2982 378 3016 man.
419 2970 441 3013 3.
466 2965 690 3015 lueeo=iussera
729 2971 752 3016 4.
778 2968 861 3026 ilicet,
888 2972 1068 3032 straiqataay.

58 3043 83 3089 ⁶1.
105 3037 161 3097 qui,
172 3038 269 3084 causal.
305 3038 327 3083 8.
349 3033 487 3091 asciverit,
504 3037 589 3092 adopt.
624 3038 646 3081 9.
668 3035 759 3094 eudes,
772 3038 865 3086 states.
903 3042 939 3086 11.
960 3038 1067 3098 bucina,

58 3111 249 3165 war-crumpat.
279 3107 314 3150 11.
334 3114 442 3160 corona,
459 3116 552 3150 crowa.
583 3104 619 3149 15.
630 3102 718 3157 iuxta,
735 3118 799 3152 near
813 3106 855 3165 by.
886 3109 1067 3166 1111111111

58 3188 142 3225 cenae.
172 3175 208 3221 19.
229 3171 454 3231 praeaealeader.
