2484 3876
125 168 166 228 30
463 167 619 220 vuacmr
640 169 784 222 aarum.
988 157 1123 241 [nooxn

124 330 240 391 Aeneas,
252 343 288 379 on
296 329 408 394 hearing
416 329 445 380 of
455 331 502 380 tha
511 330 594 381 death
603 331 633 381 ol
643 331 743 394 Pallas,
755 346 845 384 comes
856 338 885 385 to
896 335 944 385 the
955 335 1037 387 rebel
1048 338 1077 387 of
1086 338 1126 388 the

125 412 284 463 Arcadians.
317 413 375 462 The
398 426 495 476 enemy
515 413 538 463 is
557 413 653 463 driven
671 414 744 464 back
763 415 818 466 and
837 416 884 467 the
900 418 974 482 siege
992 419 1018 470 11
1034 419 1126 484 raised,

124 510 151 546 x.
163 495 287 546 soc-604.

123 679 200 729 Juuo
212 678 295 741 aquia
308 677 404 740 plecda
415 679 478 728 with
490 677 601 740 Jupiter
611 680 662 742 sor
673 679 716 731 the
728 681 775 743 lise
788 681 820 744 os
831 681 950 745 Turnus,
963 697 994 733 x.
1008 682 1127 736 605-631.

164 844 316 903 Iunonem
331 842 452 902 interea
465 843 633 921 compellat
647 843 792 921 Iuppiter
805 845 908 905 ultro:

125 945 133 975 ‘
141 940 168 1001 Ο
183 958 330 1015 germana
343 939 422 997 mihi
438 945 532 1017 atque
546 940 654 998 eadem
670 940 850 1015 gratissima
863 941 1012 1022 coniunx,

123 1042 159 1096 ut
172 1037 288 1111 rebare,
304 1038 411 1097 Venus
428 1035 497 1114 (nec
511 1041 543 1095 te
558 1036 715 1096 sententia
728 1036 827 1120 fallit)

123 1132 272 1193 Troianas
288 1137 445 1193 sustentat
459 1151 542 1210 opes,
557 1151 621 1191 non
634 1132 743 1192 vivida
756 1132 839 1194 bello

124 1227 234 1289 dextra
246 1228 324 1290 viris
339 1229 524 1306 animusque
538 1229 628 1288 ferox
642 1229 828 1307 patiensque
842 1230 974 1309 pericli!
1052 1237 1056 1243 '
1116 1247 1130 1294 1

123 1325 173 1385 cui
188 1327 268 1385 Iuno
282 1325 453 1386 submissa:
477 1325 587 1400 ‘Quid
603 1344 621 1385 ο
635 1324 843 1403 pulcherrime
857 1329 1006 1406 coniunx,

124 1422 275 1483 sollicitas
290 1441 414 1498 aegram
429 1427 461 1481 et
474 1427 529 1481 tua
542 1421 649 1482 tristia
662 1422 748 1483 iussa
761 1423 954 1485 timentem?

123 1519 151 1580 si
164 1519 253 1594 mihi,
269 1537 348 1596 quae
363 1518 520 1595 quondam
534 1518 639 1578 fuerat
653 1538 810 1597 quamque
824 1539 893 1581 esse
907 1520 1050 1603 decebat,

122 1615 171 1676 vis
185 1616 219 1674 in
234 1633 337 1675 amore
351 1616 442 1690 foret,
458 1635 521 1674 non
534 1615 593 1675 hoc
607 1615 687 1674 mihi
700 1634 836 1694 namque
849 1636 991 1696 negares,

123 1713 328 1790 omnipotens,
344 1711 421 1788 quin
436 1717 468 1771 et
481 1730 604 1788 pugnae
620 1712 791 1772 subducere
805 1714 947 1774 Turnum
1102 1731 1130 1778 1⁰

122 1814 154 1868 et
168 1810 279 1868 Dauno
293 1827 417 1886 possem
432 1808 619 1868 incolumem
634 1827 758 1869 servare
772 1811 904 1887 parenti.

121 1924 204 1965 nunc
218 1910 325 1982 pereat
339 1905 529 1981 Teucrisque
544 1905 596 1982 pio
611 1905 665 1964 det
679 1906 830 1981 sanguine
844 1925 969 1984 poenas.

121 2002 176 2062 ille
189 2007 296 2062 tamen
309 2006 418 2061 nostra
432 2001 559 2060 deducit
573 2001 693 2076 origine
707 2021 830 2079 nomen,

121 2099 349 2175 Pilumnusque
362 2097 412 2156 illi
427 2103 556 2175 quartus
570 2103 669 2175 pater,
685 2104 717 2158 et
731 2104 786 2159 tua
799 2100 888 2178 larga

121 2213 213 2273 saepe
226 2213 322 2254 manu
335 2194 506 2272 multisque
521 2195 663 2254 oneravit
676 2195 787 2255 limina
801 2197 912 2258 donis!
1099 2215 1127 2263 15

120 2292 170 2351 eui
184 2310 239 2351 rex
254 2291 386 2350 aetherii
399 2291 535 2350 breviter
550 2291 594 2350 sic
608 2292 695 2352 fatus
711 2292 855 2371 Olympi:

122 2388 174 2447 ‘Si
188 2406 276 2447 mora
289 2388 463 2465 praesentis
477 2385 534 2447 leti
547 2393 734 2465 tempusque
749 2390 864 2450 caduco

120 2489 226 2544 oratur
239 2483 345 2543 iuveni
360 2501 471 2561 meque
484 2484 543 2544 hoc
557 2484 731 2562 iteponere
747 2487 855 2562 sentis,

119 2581 195 2640 tolle
209 2581 287 2657 fuga
300 2583 441 2640 Turnum
456 2585 550 2658 atque
564 2581 757 2642 instantibus
772 2584 858 2661 eripe
871 2584 958 2646 fatis.

118 2678 270 2737 hactenus
284 2677 455 2738 indulsisse
469 2683 567 2737 vacat.
611 2679 661 2738 sin
675 2679 768 2738 altior
782 2679 853 2740 istis
1095 2698 1126 2744 eo

119 2775 177 2834 sub
191 2774 334 2852 precibus
348 2774 441 2834 venia
453 2774 519 2833 ulla
533 2774 612 2834 latet
625 2780 789 2853 totumque
803 2777 922 2838 moveri

118 2871 272 2931 mutarive
287 2875 380 2949 putas
394 2870 520 2946 bellum,
537 2889 608 2949 spes
622 2871 724 2948 pascis
739 2871 862 2934 inanis)

146 3077 168 3122 3.
189 3073 434 3124 rebare=redcria
465 3076 488 3120 5.
509 3073 585 3131 viris,
604 3076 692 3124 dative
711 3077 776 3125 with
796 3079 895 3125 dextra.
926 3082 962 3126 14.
983 3082 1042 3139 tua,
1058 3084 1123 3132 with

118 3145 218 3191 limina.
248 3146 284 3189 14.
304 3142 386 3203 larga
407 3143 481 3201 (with
500 3144 639 3200 oneravit),
660 3144 786 3202 liberully.
818 3148 853 3192 17.
875 3145 984 3205 caduco,
1006 3152 1120 3200 doomed.

117 3214 152 3258 18.
170 3222 266 3271 meque
276 3210 326 3259 hoc
336 3210 487 3268 iteponere
498 3209 591 3266 sentis,
604 3214 657 3258 aad
673 3213 734 3258 thou
743 3214 942 3262 understandeat
953 3217 1010 3263 that
1025 3220 1089 3266 such
1099 3221 1122 3267 ia

116 3293 160 3338 my
180 3281 274 3326 decree.
310 3282 347 3325 20.
367 3277 499 3326 hactenus
524 3277 670 3326 indulsisse
696 3282 786 3338 vacat,
807 3294 834 3327 1ο
860 3284 938 3330 much
957 3286 980 3332 ia
1000 3288 1120 3342 granted.

116 3350 152 3394 22.
170 3345 268 3409 paren,
281 3347 396 3394 11111111.
